@article{abadi.tensor,
 IDS = {Abadi2016},
 author = {Abadi, Mart\'{i}n and Agarwal, Ashish and Barham, Paul and Brevdo, Eugene and Chen, Zhifeng and Citro, Craig and Corrado, Greg S and Davis, Andy and Dean, Jeffrey and Devin, Matthieu and Ghemawat, Sanjay and Goodfellow, Ian and Harp, Andrew and Irving, Geoffrey and Isard, Michael and Jia, Yangqing and Jozefowicz, Rafal and Kaiser, Lukasz and Kudlur, Manjunath and Levenberg, Josh and Mane, Dan and Monga, Rajat and Moore, Sherry and Murray, Derek and Olah, Chris and Schuster, Mike and Shlens, Jonathon and Steiner, Benoit and Sutskever, Ilya and Talwar, Kunal and Tucker, Paul and Vanhoucke, Vincent and Vasudevan, Vijay and Viegas, Fernanda and Vinyals, Oriol and Warden, Pete and Wattenberg, Martin and Wicke, Martin and Yu, Yuan and Zheng, Xiaoqiang},
 journal = {arXiv},
 title = {{TensorFlow}: large-scale machine learning on heterogeneous distributed systems},
 year = {2016}
}

@article{abid.contrastive,
 IDS = {Abid2019},
 author = {Abid, Abubakar and Zou, James},
 journal = {arXiv},
 title = {Contrastive variational autoencoder enhances salient features},
 year = {2019}
}

@article{abid.exploring,
 IDS = {Abid2018},
 author = {Abid, Abubakar and Zhang, Martin J. and Bagaria, Vivek K. and Zou, James},
 journal = {Nature Communications},
 title = {{Exploring patterns enriched in a dataset with contrastive principal component analysis}},
 year = {2018}
}

@article{agapiou.importance,
 IDS = {Agapiou2017},
 author = {Agapiou, Sergios and Papaspiliopoulos, Omiros and Sanz-Alonso, Daniel and Stuart, Andrew},
 journal = {Statistical Science},
 title = {Importance sampling: Intrinsic dimension and computational cost},
 year = {2017}
}

@inproceedings{ambrogioni.wasserstein,
 IDS = {NIPS2018_7514},
 author = {Ambrogioni, Luca and G\"{u}\c{c}l\"{u}, Umut and G\"{u}\c{c}l\"{u}t\"{u}rk, Ya\u{g}mur and Hinne, Max and van Gerven, Marcel A. J. and Maris, Eric},
 booktitle = {Advances in Neural Information Processing Systems},
 title = {Wasserstein variational inference},
 year = {2018}
}

@inproceedings{amini.variational,
 IDS = {amini2018variational,Amini2018},
 author = {Amini, Alexander and Schwarting, Wilko and Rosman, Guy and Araki, Brandon and Karaman, Sertac and Rus, Daniela},
 booktitle = {International Conference on Intelligent Robots and Systems},
 title = {Variational autoencoder for end-to-end control of autonomous driving with novelty detection and training de-biasing},
 year = {2018}
}

@inproceedings{amodio.aligning,
 IDS = {amodio2018magan},
 author = {Amodio, Matthew and Krishnaswamy, Smita},
 booktitle = {International Conference on Machine Learning},
 title = {{MAGAN: aligning biological manifolds}},
 year = {2018}
}

@article{amodio.exploring,
 IDS = {saucie,Amodio2019},
 author = {Amodio, Matthew
and van Dijk, David
and Srinivasan, Krishnan
and Chen, William S.
and Mohsen, Hussein
and Moon, Kevin R.
and Campbell, Allison
and Zhao, Yujiao
and Wang, Xiaomei
and Venkataswamy, Manjunatha
and Desai, Anita
and Ravi, V.
and Kumar, Priti
and Montgomery, Ruth
and Wolf, Guy
and Krishnaswamy, Smita},
 journal = {Nature Methods},
 title = {Exploring single-cell data with deep multitasking neural networks},
 year = {2019}
}

@article{andrews.dropout,
 IDS = {m3drop},
 author = {Andrews, Tallulah S and Hemberg, Martin},
 doi = {10.1101/065094},
 journal = {bioRxiv},
 title = {{Dropout-based feature selection for scRNASeq}},
 url = {https://www.biorxiv.org/content/early/2018/05/17/065094},
 year = {2018}
}

@article{andrews.false,
 IDS = {andrews2018false},
 author = {Andrews, Tallulah S and Hemberg, Martin},
 journal = {F1000Research},
 title = {False signals induced by single-cell imputation},
 year = {2018}
}

@article{andrieu.an,
 IDS = {andrieu2003introduction},
 author = {Andrieu, Christophe and De Freitas, Nando and Doucet, Arnaud and Jordan, Michael I},
 journal = {Machine learning},
 title = {An introduction to {MCMC} for machine learning},
 year = {2003}
}

@article{angerer.single,
 IDS = {Angerer2017,angerer,philipp.single},
 author = {Angerer, Philipp and Simon, Lukas and Tritschler, Sophie and Wolf, F. Alexander and Fischer, David and Theis, Fabian J.},
 journal = {Current Opinion in Systems Biology},
 title = {Single cells make big data: New challenges and opportunities in transcriptomics},
 year = {2017}
}

@inproceedings{arjovsky.wasserstein,
 IDS = {Arjovsky2017},
 author = {Arjovsky, Martin and Chintala, Soumith and Bottou, L\'{e}on},
 booktitle = {International Conference on Machine Learning},
 title = {Wasserstein generative adversarial networks},
 year = {2017}
}

@book{art.monte,
 IDS = {mcbook},
 author = {Art B. Owen},
 title = {Monte Carlo Theory, Methods and Examples},
 year = {2013}
}

@inproceedings{ashish.learning,
 IDS = {8099724},
 author = {Ashish Shrivastava and Tomas Pfister and Oncel Tuzel and Josh Susskind and Wenda Wang and Russ Webb},
 booktitle = {Conference on Computer Vision and Pattern Recognition},
 title = {{Learning from simulated and unsupervised images through adversarial training}},
 year = {2017}
}

@article{athinodoros.from,
 IDS = {YALEB},
 author = {Athinodoros S. Georghiades, Peter N. Belhumeur, David J. Kriegman},
 journal = {IEEE Transactions on Pattern Analysis and Machine Intelligence},
 number = {6},
 pages = {643-660},
 title = {From few to many: Illumination cone models for face recognition under variable lighting and pose},
 volume = {23},
 year = {2001}
}

@article{bacher.cnorm,
 IDS = {Bacher2017},
 author = {Bacher, Rhonda and Chu, Li Fang and Leng, Ning and Gasch, Audrey P. and Thomson, James A. and Stewart, Ron M. and Newton, Michael and Kendziorski, Christina},
 journal = {Nature Methods},
 number = {6},
 pages = {584--586},
 title = {{SCnorm: Robust normalization of single-cell RNA-seq data}},
 volume = {14},
 year = {2017}
}

@inproceedings{balin.concrete,
 IDS = {balin2019concrete},
 author = {Bal{\i}n, Muhammed Fatih and Abid, Abubakar and Zou, James},
 booktitle = {International Conference on Machine Learning},
 title = {Concrete autoencoders: Differentiable feature selection and reconstruction},
 year = {2019}
}

@article{baron.single,
 IDS = {pancreasindrop},
 author = {Baron, Maayan and Veres, Adrian and Wolock, Samuel L and Faust, Aubrey L and Gaujoux, Renaud and Vetere, Amedeo and Ryu, Jennifer Hyoje and Wagner, Bridget K and Shen-Orr, Shai S and Klein, Allon M and others},
 journal = {Cell systems},
 number = {4},
 pages = {346--360},
 title = {A single-cell transcriptomic map of the human and mouse pancreas reveals inter-and intra-cell population structure},
 volume = {3},
 year = {2016}
}

@article{battaglia.relational,
 IDS = {Battaglia2018RelationalNetworks},
 author = {Battaglia, Peter W. and Hamrick, Jessica B. and Bapst, Victor and Sanchez-Gonzalez, Alvaro and Zambaldi, Vinicius and Malinowski, Mateusz and Tacchetti, Andrea and Raposo, David and Santoro, Adam and Faulkner, Ryan and Gulcehre, Caglar and Song, Francis and Ballard, Andrew and Gilmer, Justin and Dahl, George and Vaswani, Ashish and Allen, Kelsey and Nash, Charles and Langston, Victoria and Dyer, Chris and Heess, Nicolas and Wierstra, Daan and Kohli, Pushmeet and Botvinick, Matt and Vinyals, Oriol and Li, Yujia and Pascanu, Razvan},
 journal = {arXiv},
 title = {Relational inductive biases, deep learning, and graph networks},
 year = {2018}
}

@article{becht.dimensionality,
 IDS = {Becht2018},
 author = {Becht, Etienne
and McInnes, Leland
and Healy, John
and Dutertre, Charles-Antoine
and Kwok, Immanuel W. H.
and Ng, Lai Guan
and Ginhoux, Florent
and Newell, Evan W.},
 day = {03},
 journal = {Nature Biotechnology},
 title = {Dimensionality reduction for visualizing single-cell data using UMAP},
 volume = {37},
 year = {2018}
}

@article{bellman.dynamic,
 IDS = {bellman1966dynamic},
 author = {Bellman, Richard},
 journal = {Science},
 title = {Dynamic programming},
 year = {1966}
}


@article{kouw2019review,
  title={A review of domain adaptation without target labels},
  author={Kouw, Wouter Marco and Loog, Marco},
  journal={IEEE transactions on pattern analysis and machine intelligence},
  year={2019},
  publisher={IEEE}
}



@inproceedings{bengio.generalized,
 IDS = {Bengio2013},
 author = {Bengio, Yoshua and Yao, Li and Alain, Guillaume and Vincent, Pascal},
 booktitle = {Advances in Neural Information Processing Systems},
 title = {Generalized Denoising Auto-Encoders as Generative Models},
 year = {2013}
}

@article{bento.the,
 IDS = {bento2014chembl},
 author = {Bento, A Patr{\'i}cia and Gaulton, Anna and Hersey, Anne and Bellis, Louisa J and Chambers, Jon and Davies, Mark and Kr{\"u}ger, Felix A and Light, Yvonne and Mak, Lora and McGlinchey, Shaun and others},
 journal = {Nucleic acids research},
 title = {The {ChEMBL} bioactivity database: an update},
 year = {2014}
}

@book{berger.statistical,
 IDS = {berger2013statistical,Fienberg},
 author = {Berger, James O},
 publisher = {Springer Science \& Business Media},
 title = {{Statistical Decision Theory and Bayesian Analysis}},
 year = {2013}
}

@incollection{bergstra.algorithms,
 IDS = {Bergstra2011,NIPS2011_4443},
 author = {Bergstra, James S and Bardenet, R\'{e}mi and Bengio, Yoshua and K{\'{e}}gl, Bal\'{a}zs},
 booktitle = {Advances in Neural Information Processing Systems},
 editor = {Shawe-Taylor, J and Zemel, R S and Bartlett, P L and Pereira, F and Weinberger, K Q},
 pages = {2546--2554},
 title = {{Algorithms for hyper-parameter optimization}},
 year = {2011}
}

@article{bingham.pyro,
 IDS = {Bingham2018},
 author = {Bingham, Eli and Chen, Jonathan P and Jankowiak, Martin and Obermeyer, Fritz and Pradhan, Neeraj and Karaletsos, Theofanis and Singh, Rohit and Szerlip, Paul and Horsfall, Paul and Goodman, Noah D},
 journal = {Journal of Machine Learning Research},
 title = {Pyro: Deep universal probabilistic programming},
 year = {2019}
}

@book{bishop.pattern,
 IDS = {Bishop:2006:PRM:1162264},
 author = {Bishop, Christopher M.},
 publisher = {Springer-Verlag},
 title = {Pattern Recognition and Machine Learning},
 year = {2006}
}

@article{blaschke.application,
 IDS = {Blaschke2018},
 author = {Blaschke, Thomas and Olivecrona, Marcus and Engkvist, Ola and Bajorath, Jürgen and Chen, Hongming},
 doi = {10.1002/minf.201700123},
 issn = {18681743},
 journal = {Molecular Informatics},
 keywords = {Autoencoder, chemoinformatics, de novo molecular design, deep learning, inverse QSAR},
 month = {1},
 number = {1-2},
 pages = {1700123},
 publisher = {John Wiley \& Sons, Ltd},
 title = {{Application of Generative Autoencoder in De Novo Molecular Design}},
 url = {http://doi.wiley.com/10.1002/minf.201700123},
 volume = {37},
 year = {2018}
}

@article{blei.build,
 IDS = {Blei2014},
 author = {Blei, David M.},
 journal = {Annual Review of Statistics and Its Application},
 title = {Build, compute, critique, repeat: Data analysis with latent variable models},
 year = {2014}
}

@article{blei.latent,
 IDS = {LDA},
 author = {Blei, David M. and Ng, Andrew Y. and Jordan, Michael I.},
 issn = {1532-4435},
 journal = {{Journal of Machine Learning Research}},
 pages = {993--1022},
 title = {Latent Dirichlet allocation},
 volume = {3},
 year = {2003}
}

@article{blei.variational,
 IDS = {blei2017variational,Blei2017},
 author = {Blei, David M. and Kucukelbir, Alp and McAuliffe, Jon D.},
 journal = {Journal of the American Statistical Association},
 title = {Variational inference: A review for statisticians},
 year = {2017}
}

@inproceedings{bornschein.reweighted,
 IDS = {Bornschein2015},
 author = {Bornschein, J{\"{o}}rg and Bengio, Yoshua},
 booktitle = {International Conference on Learning Representations},
 title = {Reweighted wake-sleep},
 year = {2015}
}

@article{box.science,
 IDS = {Box1976},
 author = {Box, George E. P.},
 journal = {Journal of the American Statistical Association},
 title = {{Science and Statistics}},
 year = {1976}
}

@article{box.useful,
 IDS = {Box1962},
 author = {Box, Georges E. P. and Hunter, William G.},
 journal = {Technometrics},
 title = {A useful method for model-building},
 year = {1962}
}

@inproceedings{boyeau.deep,
 IDS = {Boyeau794289},
 author = {Boyeau, Pierre and Lopez, Romain and Regier, Jeffrey and Gayoso, Adam and Jordan, Michael I. and Yosef, Nir},
 booktitle = {Machine Learning in Computational Biology},
 title = {Deep Generative models for detecting differential expression in single cells},
 year = {2019}
}

@article{brett.privacy,
 IDS = {PPGAN},
 author = {Brett K. Beaulieu-Jones  and Zhiwei Steven Wu  and Chris Williams  and Ran Lee  and Sanjeev P. Bhavnani  and James Brian Byrd  and Casey S. Greene },
 journal = {Circulation: Cardiovascular Quality and Outcomes},
 title = {Privacy-preserving generative deep neural networks support clinical data sharing},
 year = {2019}
}

@article{brookes.conditioning,
 IDS = {Brookes2019},
 author = {Brookes, David H. and Park, Hahnbeom and Listgarten, Jennifer},
 journal = {International Conference on Machine Learning},
 title = {{Conditioning by adaptive sampling for robust design}},
 year = {2019}
}

@article{buettner.computational,
 IDS = {Florian2015},
 author = {Buettner, Florian and Natarajan, Kedar N and Casale, F Paolo and Proserpio, Valentina and Scialdone, Antonio and Theis, Fabian J and Teichmann, Sarah A and Marioni, John C and Stegle, Oliver},
 journal = {Nature Biotechnology},
 number = {2},
 pages = {155--160},
 title = {{Computational analysis of cell-to-cell heterogeneity in single-cell RNA-sequencing data reveals hidden subpopulations of cells}},
 volume = {33},
 year = {2015}
}

@article{burbea.the,
 IDS = {burbea1984convexity},
 author = {Burbea, Jacob},
 journal = {Utilitas Mathematica},
 title = {The convexity with respect to Gaussian distributions of divergences of order $\alpha$},
 year = {1984}
}

@inproceedings{burda.importance,
 IDS = {BurdaGS15,Burda2016},
 arxivid = {1509.00519v4},
 author = {Burda, Yuri and Grosse, Roger and Salakhutdinov, Ruslan},
 booktitle = {International Conference on Learning Representations},
 title = {{Importance weighted autoencoders}},
 year = {2016}
}

@inproceedings{burgess.understanding,
 IDS = {Burgess2018},
 author = {Burgess, Christopher P and Higgins, Irina and Pal, Arka and Matthey, Loic and Watters, Nick and Desjardins, Guillaume and Lerchner, Alexander},
 booktitle = {Learning Disentangled Representations, NIPS Workshop},
 title = {{Understanding disentangling in $\beta$-VAE}},
 year = {2017}
}

@article{butler.integrating,
 IDS = {seurat},
 author = {Butler, Andrew
and Hoffman, Paul
and Smibert, Peter
and Papalexi, Efthymia
and Satija, Rahul},
 day = {02},
 journal = {Nature Biotechnology},
 pages = {411},
 title = {Integrating single-cell transcriptomic data across different conditions, technologies, and species},
 volume = {36},
 year = {2018}
}

@article{carpenter.stan,
 IDS = {Carpenter2017},
 author = {Carpenter, Bob and Gelman, Andrew and Hoffman, Matthew D. and Lee, Daniel and Goodrich, Ben and Betancourt, Michael and Brubaker, Marcus and Guo, Jiqiang and Li, Peter and Riddell, Allen},
 journal = {Journal of Statistical Software},
 title = {Stan: A probabilistic programming language},
 year = {2017}
}

@inproceedings{casale.gaussian,
 IDS = {NIPS2018_8238},
 author = {Casale, Francesco Paolo and Dalca, Adrian and Saglietti, Luca and Listgarten, Jennifer and Fusi, Nicolo},
 booktitle = {Advances in Neural Information Processing Systems},
 title = {Gaussian process prior variational autoencoders},
 year = {2018}
}

@inproceedings{chan.likelihood,
 IDS = {Chan2018},
 arxivid = {1802.06153},
 author = {Chan, Jeffrey and Perrone, Valerio and Spence, Jeffrey P. and Jenkins, Paul A. and Mathieson, Sara and Song, Yun S.},
 booktitle = {Advances in Neural Information Processing Systems 31},
 month = {2},
 title = {{A likelihood-free inference framework for population genetic data using exchangeable neural networks}},
 year = {2018}
}

@inproceedings{charles.weight,
 IDS = {pmlr-v37-blundell15},
 address = {Lille, France},
 author = {Charles Blundell and Julien Cornebise and Koray Kavukcuoglu and Daan Wierstra},
 booktitle = {Proceedings of the 32nd International Conference on Machine Learning},
 month = {07--09 Jul},
 pages = {1613--1622},
 title = {Weight Uncertainty in Neural Network},
 volume = {37},
 year = {2015}
}

@article{chatterjee.the,
 IDS = {Chatterjee2018,chatterjee2018sample},
 author = {Chatterjee, Sourav and Diaconis, Persi},
 journal = {The Annals of Applied Probability},
 title = {{The sample size required in importance sampling}},
 year = {2018}
}

@article{clark2018scnmt,
  title={scNMT-seq enables joint profiling of chromatin accessibility DNA methylation and transcription in single cells},
  author={Clark, Stephen J and Argelaguet, Ricard and Kapourani, Chantriolnt-Andreas and Stubbs, Thomas M and Lee, Heather J and Alda-Catalinas, Celia and Krueger, Felix and Sanguinetti, Guido and Kelsey, Gavin and Marioni, John C and others},
  journal={Nature communications},
  volume={9},
  number={1},
  pages={1--9},
  year={2018},
  publisher={Nature Publishing Group}
}

@article{wang2014clonal,
  title={Clonal evolution in breast cancer revealed by single nucleus genome sequencing},
  author={Wang, Yong and Waters, Jill and Leung, Marco L and Unruh, Anna and Roh, Whijae and Shi, Xiuqing and Chen, Ken and Scheet, Paul and Vattathil, Selina and Liang, Han and others},
  journal={Nature},
  volume={512},
  number={7513},
  pages={155--160},
  year={2014},
  publisher={Nature Publishing Group}
}

@article{ramskold2012full,
  title={Full-length mRNA-Seq from single-cell levels of RNA and individual circulating tumor cells},
  author={Ramsk{\"o}ld, Daniel and Luo, Shujun and Wang, Yu-Chieh and Li, Robin and Deng, Qiaolin and Faridani, Omid R and Daniels, Gregory A and Khrebtukova, Irina and Loring, Jeanne F and Laurent, Louise C and others},
  journal={Nature Biotechnology},
  volume={30},
  number={8},
  pages={777--782},
  year={2012},
  publisher={Nature Publishing Group}
}

@inproceedings{chen.heterogeneous,
 IDS = {Chen2018a},
 author = {Chen, Yifeng and Sun, Wei and Wang, Haohan},
 booktitle = {IEEE International Conference on Bioinformatics and Biomedicine},
 title = {Heterogeneous {Hi-C} data super-resolution with a conditional generative adversarial network},
 year = {2018}
}

@inproceedings{chen.info,
 IDS = {Chen2016},
 author = {Chen, Xi and Duan, Yan and Houthooft, Rein and Schulman, John and Sutskever, Ilya and Abbeel, Pieter},
 booktitle = {Advances in Neural Information Processing Systems},
 pages = {2172--2180},
 title = {{InfoGAN: interpretable representation learning by information maximizing generative adversarial nets}},
 year = {2016}
}

@incollection{chen.isolating,
 IDS = {NIPS2018_7527},
 author = {Chen, Tian Qi and Li, Xuechen and Grosse, Roger B and Duvenaud, David K},
 booktitle = {Advances in Neural Information Processing Systems 31},
 editor = {S. Bengio and H. Wallach and H. Larochelle and K. Grauman and N. Cesa-Bianchi and R. Garnett},
 pages = {2610--2620},
 publisher = {Curran Associates, Inc.},
 title = {Isolating sources of disentanglement in variational autoencoders},
 year = {2018}
}

@inproceedings{chen.learning,
 IDS = {Chen2018},
 author = {Chen, Jianbo and Song, Le and Wainwright, Martin J and Jordan, Michael I},
 booktitle = {Proceedings of the 35th International Conference on Machine Learning},
 pages = {882--891},
 title = {{Learning to explain: an information-theoretic perspective on model interpretation}},
 volume = {80},
 year = {2018}
}

@inproceedings{chen.variational,
 IDS = {chen2018variational,Chen2017},
 author = {Chen, Xi and Kingma, Diederik P and Salimans, Tim and Duan, Yan and Dhariwal, Prafulla and Schulman, John and Sutskever, Ilya and Abbeel, Pieter},
 booktitle = {International Conference on Learning Representations},
 title = {{Variational loosy autoencoder}},
 year = {2017}
}

@article{ching.opportunities,
 IDS = {Ching2018},
 author = {Ching, Travers and Himmelstein, Daniel S. and Beaulieu-Jones, Brett K. and Kalinin, Alexandr A. and Do, Brian T. and Way, Gregory P. and Ferrero, Enrico and Agapow, Paul-Michael and Zietz, Michael and Hoffman, Michael M. and Xie, Wei and Rosen, Gail L. and Lengerich, Benjamin J. and Israeli, Johnny and Lanchantin, Jack and Woloszynek, Stephen and Carpenter, Anne E. and Shrikumar, Avanti and Xu, Jinbo and Cofer, Evan M. and Lavender, Christopher A. and Turaga, Srinivas C. and Alexandari, Amr M. and Lu, Zhiyong and Harris, David J. and DeCaprio, Dave and Qi, Yanjun and Kundaje, Anshul and Peng, Yifan and Wiley, Laura K. and Segler, Marwin H. S. and Boca, Simina M. and Swamidass, S. Joshua and Huang, Austin and Gitter, Anthony and Greene, Casey S.},
 journal = {Journal of The Royal Society Interface},
 title = {Opportunities and obstacles for deep learning in biology and medicine},
 year = {2018}
}

@inproceedings{choi.stargan,
 IDS = {choi2018stargan},
 author = {Choi, Yunjey and Choi, Minje and Kim, Munyoung and Ha, Jung-Woo and Kim, Sunghun and Choo, Jaegul},
 booktitle = {Proceedings of the IEEE Conference on Computer Vision and Pattern Recognition},
 pages = {8789--8797},
 title = {Stargan: Unified generative adversarial networks for multi-domain image-to-image translation},
 year = {2018}
}

@inproceedings{chuan.on,
 IDS = {pmlr-v70-guo17a},
 author = {Chuan Guo and Geoff Pleiss and Yu Sun and Kilian Q. Weinberger},
 booktitle = {International Conference on Machine Learning},
 title = {On calibration of modern neural networks},
 year = {2017}
}

@inproceedings{clivio.detecting,
 IDS = {AutoZI},
 author = {Clivio, Oscar and Lopez, Romain and Regier, Jeffrey and Gayoso, Adam and Jordan, Michael I and Yosef, Nir},
 booktitle = {Machine Learning in Computational Biology (MLCB)},
 title = {Detecting zero-inflated genes in single-cell transcriptomics data},
 year = {2019}
}

@article{codeluppi.spatial,
 IDS = {Codeluppi2018a},
 author = {Codeluppi, Simone and Borm, Lars E. and Zeisel, Amit and La Manno, Gioele and van Lunteren, Josina A. and Svensson, Camilla I. and Linnarsson, Sten},
 journal = {Nature Methods},
 title = {Spatial organization of the somatosensory cortex revealed by {osmFISH}},
 year = {2018}
}

@article{cole.performance,
 IDS = {Cole2017,SCONE},
 author = {Cole, Michael B and Risso, Davide and Wagner, Allon and Purdom, Elizabeth and Cole, Michael B and Risso, Davide and Wagner, Allon and Detomaso, David and Ngai, John and Purdom, Elizabeth},
 journal = {Cell Systems},
 title = {Performance assessment and selection of normalization procedures for single-cell {RNA}-seq},
 year = {2019}
}

@inproceedings{cortes.learning,
 IDS = {Cortes2010},
 author = {Cortes, Corinna and Mansour, Yishay and Mohri, Mehryar},
 booktitle = {Advances in Neural Information Processing Systems},
 title = {Learning bounds for importance weighting},
 year = {2010}
}

@inproceedings{cremer.inference,
 IDS = {pmlr-v80-cremer18a},
 author = {Cremer, Chris and Li, Xuechen and Duvenaud, David},
 booktitle = {International Conference on Machine Learning},
 title = {Inference suboptimality in variational autoencoders},
 year = {2018}
}

@article{crow.characterizing,
 IDS = {metaneighbors},
 author = {Crow, Megan
and Paul, Anirban
and Ballouz, Sara
and Huang, Z. Josh
and Gillis, Jesse},
 doi = {10.1038/s41467-018-03282-0},
 issn = {2041-1723},
 journal = {Nature Communications},
 number = {1},
 pages = {884},
 title = {Characterizing the replicability of cell types defined by single cell RNA-sequencing data using MetaNeighbor},
 volume = {9},
 year = {2018}
}

@article{crowell.on,
 IDS = {Crowell713412},
 author = {Crowell, Helena L. and Soneson, Charlotte and Germain, Pierre-Luc and Calini, Daniela and Collin, Ludovic and Raposo, Catarina and Malhotra, Dheeraj and Robinson, Mark D.},
 journal = {bioRxiv},
 title = {On the discovery of subpopulation-specific state transitions from multi-sample multi-condition single-cell {RNA} sequencing data},
 year = {2020}
}

@article{cui.hmm,
 IDS = {Cui2015},
 author = {Cui, Shiqi and Guha, Subharup and Ferreira, Marco A. R. and Tegge, Allison N.},
 journal = {The Annals of Applied Statistics},
 title = {{hmmSeq}: A hidden {M}arkov model for detecting differentially expressed genes from {RNA}-seq data},
 year = {2015}
}

@article{davis.the,
 IDS = {davis2018encyclopedia},
 author = {Davis, Carrie A and Hitz, Benjamin C and Sloan, Cricket A and Chan, Esther T and Davidson, Jean M and Gabdank, Idan and Hilton, Jason A and Jain, Kriti and Baymuradov, Ulugbek K and Narayanan, Aditi K and others},
 journal = {Nucleic acids research},
 title = {The Encyclopedia of {DNA} elements ({ENCODE}): data portal update},
 year = {2018}
}

@article{deng.scalable,
 IDS = {Deng2018},
 author = {Deng, Yue and Bao, Feng and Dai, Qionghai and Wu, Lani F and Altschuler, Steven J},
 journal = {Nature Methods},
 title = {{Scalable analysis of cell-type composition from single-cell transcriptomics using deep recurrent learning}},
 year = {2019}
}

@article{detomaso.fast,
 IDS = {DeTomaso2016,fastproject},
 author = {DeTomaso, David and Yosef, Nir},
 journal = {BMC Bioinformatics},
 number = {1},
 pages = {315},
 publisher = {BioMed Central},
 title = {{FastProject}: A tool for low-dimensional analysis of single-cell {RNA}-seq data},
 year = {2016}
}

@article{detomaso.functional,
 IDS = {VISION,DeTomaso2019},
 author = {DeTomaso, David and Jones, Matthew and Subramaniam, Meena and Ashuach, Tal and Ye, Chun J. and Yosef, Nir},
 journal = {Nature Communications},
 title = {Functional interpretation of single-cell similarity maps},
 year = {2019}
}

@article{dieng.reweighted,
 IDS = {ReweightedEM2019},
 author = {{Dieng}, Adji B. and {Paisley}, John},
 journal = {arXiv},
 title = {{Reweighted expectation maximization}},
 year = {2019}
}

@inproceedings{dieng.variational,
 IDS = {NIPS2017_6866},
 author = {Dieng, Adji Bousso and Tran, Dustin and Ranganath, Rajesh and Paisley, John and Blei, David},
 booktitle = {Advances in Neural Information Processing Systems},
 title = {Variational inference via chi-square upper bound minimization},
 year = {2017}
}

@article{dillon.tensor,
 IDS = {Dillon2017},
 author = {Dillon, Joshua V. and Langmore, Ian and Tran, Dustin and Brevdo, Eugene and Vasudevan, Srinivas and Moore, Dave and Patton, Brian and Alemi, Alex and Hoffman, Matt and Saurous, Rif A.},
 journal = {arXiv},
 title = {{TensorFlow} distributions},
 year = {2017}
}

@inproceedings{dincer.deep,
 IDS = {Dincer2018a},
 author = {Dincer, Ayse Berceste and Celik, Safiye and Hiranuma, Naozumi and Lee, Su-In},
 booktitle = {ICML Workshop on Computational Biology},
 title = {{DeepProfile}: Deep learning of cancer molecular profiles for precision medicine},
 year = {2018}
}

@article{ding.deep,
 IDS = {Ding853457},
 author = {Ding, Jiarui and Regev, Aviv},
 journal = {bioRxiv},
 title = {{Deep generative model embedding of single-cell RNA-Seq profiles on hyperspheres and hyperbolic spaces}},
 year = {2019}
}

@article{ding.interpretable,
 IDS = {Ding2018,scvis},
 author = {Ding, Jiarui and Condon, Anne and Shah, Sohrab P},
 journal = {Nature communications},
 title = {{Interpretable dimensionality reduction of single cell transcriptome data with deep generative models.}},
 year = {2018}
}

@article{dixit.perturb,
 IDS = {Dixit2016},
 author = {Dixit, Atray and Parnas, Oren and Li, Biyu and Chen, Jenny and Fulco, Charles P. and Jerby-Arnon, Livnat and Marjanovic, Nemanja D. and Dionne, Danielle and Burks, Tyler and Raychowdhury, Raktima and Adamson, Britt and Norman, Thomas M. and Lander, Eric S. and Weissman, Jonathan S. and Friedman, Nir and Regev, Aviv},
 journal = {Cell},
 title = {{Perturb-Seq}: dissecting molecular circuits with scalable single-cell {RNA} profiling of pooled genetic screens},
 year = {2016}
}

@inproceedings{dizaji.semi,
 IDS = {Dizaji2018},
 author = {Dizaji, Kamran Ghasedi and Wang, Xiaoqian and Huang, Heng},
 booktitle = {KDD},
 title = {Semi-Supervised Generative Adversarial Network for Gene Expression Inference},
 year = {2018}
}

@inproceedings{domke.importance,
 IDS = {NIPS2018_7699},
 author = {Domke, Justin and Sheldon, Daniel R},
 booktitle = {Advances in Neural Information Processing Systems},
 title = {Importance weighting and variational inference},
 year = {2018}
}

@inproceedings{donahue.adversarial,
 IDS = {Donahue2017},
 author = {Donahue, Jeff and Kr{\"{a}}henb{\"{u}}hl, Philipp and Darrell, Trevor},
 booktitle = {International Conference on Learning Representations},
 title = {Adversarial feature learning},
 year = {2017}
}

@inproceedings{dosovitskiy.generating,
 IDS = {Dosovitskiy2016},
 author = {Dosovitskiy, Alexey and Brox, Thomas},
 booktitle = {Advances in Neural Information Processing Systems},
 pages = {658--666},
 title = {{Generating images with perceptual similarity metrics based on deep networks}},
 year = {2016}
}

@inproceedings{durrieu.lower,
 IDS = {Durrieu2012},
 author = {Durrieu, Jean-Louis and Thiran, Jean-Philippe and Kelly, Finnian},
 booktitle = {IEEE International Conference on Acoustics, Speech and Signal Processing},
 isbn = {9781467300469},
 pages = {4833--4836},
 title = {{Lower and upper bounds for approximation of the Kullback-Leibler divergence between Gaussian mixture models}},
 year = {2012}
}

@article{duverle.cell,
 IDS = {cell-tree},
 author = {duVerle, David A.
and Yotsukura, Sohiya
and Nomura, Seitaro
and Aburatani, Hiroyuki
and Tsuda, Koji},
 day = {13},
 journal = {BMC Bioinformatics},
 month = {Sep},
 title = {{CellTree: an R/bioconductor package to infer the hierarchical structure of cell populations from single-cell RNA-seq data}},
 year = {2016}
}

@inproceedings{dwork.differential,
 IDS = {dwork2008differential},
 author = {Dwork, Cynthia},
 booktitle = {International conference on theory and applications of models of computation},
 title = {Differential privacy: A survey of results},
 year = {2008}
}

@article{dzmitry.neural,
 IDS = {bahdanau2015},
 author = {Dzmitry Bahdanau and Kyunghyun Cho and Yoshua Bengio},
 journal = {International Conference on Learning Representations},
 title = {Neural machine translation by jointly learning to align and translate},
 year = {2015}
}

@article{ecker.the,
 IDS = {ecker2017brain},
 author = {Ecker, Joseph R and Geschwind, Daniel H and Kriegstein, Arnold R and Ngai, John and Osten, Pavel and Polioudakis, Damon and Regev, Aviv and Sestan, Nenad and Wickersham, Ian R and Zeng, Hongkui},
 journal = {Neuron},
 number = {3},
 pages = {542--557},
 publisher = {Elsevier},
 title = {The BRAIN initiative cell census consortium: lessons learned toward generating a comprehensive brain cell atlas},
 volume = {96},
 year = {2017}
}

@article{economou.on,
 IDS = {economou2016use},
 author = {Economou, Theodoros and Stephenson, David B and Rougier, Jonathan C and Neal, Robert and Mylne, Ken R},
 journal = {Proceedings of the Royal Society A: Mathematical, Physical and Engineering Sciences},
 title = {On the use of Bayesian decision theory for issuing natural hazard warnings},
 year = {2016}
}

@article{efremova.computational,
 IDS = {Efremova2020},
 author = {Efremova, Mirjana
and Teichmann, Sarah A.},
 journal = {Nature Methods},
 title = {Computational methods for single-cell omics across modalities},
 year = {2020}
}

@article{eraslan.deep,
 IDS = {Eraslan2019},
 author = {Eraslan, Gökcen and Avsec, Žiga and Gagneur, Julien and Theis, Fabian J.},
 journal = {Nature Reviews Genetics},
 title = {Deep learning: new computational modelling techniques for genomics},
 year = {2019}
}

@article{eraslan.single,
 IDS = {Eraslan2019b,dca},
 author = {Eraslan, Gökcen and Simon, Lukas M. and Mircea, Maria and Mueller, Nikola S. and Theis, Fabian J.},
 journal = {Nature Communications},
 title = {{Single-cell RNA-seq denoising using a deep count autoencoder}},
 year = {2019}
}

@inproceedings{ester.density,
 IDS = {dbscan},
 author = {Ester, Martin and Kriegel, Hans-Peter and Sander, J\"{o}rg and Xu, Xiaowei},
 booktitle = {International Conference on Knowledge Discovery and Data Mining},
 numpages = {6},
 pages = {226--231},
 title = {A density-based algorithm for discovering clusters a density-based algorithm for discovering clusters in large spatial databases with noise},
 year = {1996}
}

@article{fan.characterizing,
 IDS = {Fan2016},
 author = {Fan, Jean and Salathia, Neeraj and Liu, Rui and Kaeser, Gwendolyn E and Yung, Yun C and Herman, Joseph L and Kaper, Fiona and Fan, Jian Bing and Zhang, Kun and Chun, Jerold and Kharchenko, Peter V},
 journal = {Nature Methods},
 month = {3},
 number = {3},
 pages = {241--244},
 publisher = {NIH Public Access},
 title = {{Characterizing transcriptional heterogeneity through pathway and gene set overdispersion analysis}},
 volume = {13},
 year = {2016}
}

@inproceedings{figurnov.implicit,
 IDS = {figurnov2018implicit},
 author = {Figurnov, Mikhail and Mohamed, Shakir and Mnih, Andriy},
 booktitle = {Advances in Neural Information Processing Systems},
 title = {Implicit reparameterization gradients},
 year = {2018}
}

@article{finak.flexible,
 IDS = {mast},
 author = {Finak, Greg and McDavid, Andrew and Yajima, Masanao and Deng, Jingyuan and Gersuk, Vivian and Shalek, Alex K and Slichter, Chloe K and Miller, Hannah W and McElrath, M Juliana and Prlic, Martin and others},
 journal = {Genome Biology},
 number = {1},
 pages = {278},
 title = {{MAST}: a flexible statistical framework for assessing transcriptional changes and characterizing heterogeneity in single-cell {RNA} sequencing data},
 volume = {16},
 year = {2015}
}

@inproceedings{flaxman.bayesian,
 IDS = {Flaxman2016},
 author = {Flaxman, Seth and Sejdinovic, Dino and Cunningham, John P and Filippi, Sarah},
 booktitle = {Proceedings of the 32nd Conference on Uncertainty in Artificial Intelligence},
 title = {{Bayesian learning of kernel embeddings}},
 year = {2016}
}

@article{franziska.transcriptional,
 IDS = {PAUL2015},
 author = {Franziska Paul and Ya'ara Arkin and Amir Giladi and DiegoAdhemar Jaitin and Ephraim Kenigsberg and Hadas Keren-Shaul and Deborah Winter and David Lara-Astiaso and Meital Gury and Assaf Weiner and Eyal David and Nadav Cohen and FeliciaKathrineBratt Lauridsen and Simon Haas and Andreas Schlitzer and Alexander Mildner and Florent Ginhoux and Steffen Jung and Andreas Trumpp and BoTorben Porse and Amos Tanay and Ido Amit},
 doi = {https://doi.org/10.1016/j.cell.2015.11.013},
 issn = {0092-8674},
 journal = {Cell},
 number = {7},
 pages = {1663 - 1677},
 title = {Transcriptional heterogeneity and lineage commitment in myeloid progenitors},
 volume = {163},
 year = {2015}
}

@inproceedings{fu.cyclical,
 IDS = {fu2019cyclical},
 author = {Fu, Hao and Li, Chunyuan and Liu, Xiaodong and Gao, Jianfeng and Celikyilmaz, Asli and Carin, Lawrence},
 booktitle = {North American Chapter of the Association for Computational Linguistics},
 title = {Cyclical Annealing Schedule: A Simple Approach to Mitigating KL Vanishing},
 year = {2019}
}

@inproceedings{fukumizu.kernel,
 IDS = {NIPS2007_3340},
 author = {Fukumizu, Kenji and Gretton, Arthur and Sun, Xiaohai and Sch{\"{o}}lkopf, Bernhard},
 booktitle = {Advances in Neural Information Processing Systems},
 title = {{Kernel measures of conditional dependence}},
 year = {2008}
}

@inproceedings{futami.variational,
 IDS = {futami2018variational},
 author = {Futami, Futoshi and Sato, Issei and Sugiyama, Masashi},
 booktitle = {International Conference on Artificial Intelligence and Statistics},
 title = {Variational inference based on robust divergences},
 year = {2018}
}

@article{gabriel.regularizing,
 IDS = {DBLP:journals/corr/PereyraTCKH17},
 author = {Gabriel Pereyra and
George Tucker and
Jan Chorowski and
Lukasz Kaiser and
Geoffrey E. Hinton},
 journal = {arXiv},
 title = {Regularizing Neural Networks by Penalizing Confident Output Distributions},
 volume = {abs/1701.06548},
 year = {2017}
}

@article{ganin.domain,
 IDS = {ganin2016domain},
 author = {Ganin, Yaroslav and Ustinova, Evgeniya and Ajakan, Hana and Germain, Pascal and Larochelle, Hugo and Laviolette, Fran{\c{c}}ois and Marchand, Mario and Lempitsky, Victor},
 journal = {The Journal of Machine Learning Research},
 number = {1},
 pages = {2096--2030},
 title = {Domain-adversarial training of neural networks},
 volume = {17},
 year = {2016}
}

@article{gaublomme.single,
 IDS = {Gaublomme2015},
 author = {Gaublomme, Jellert T. and Yosef, Nir and Lee, Youjin and Gertner, Rona S. and Yang, Li V. and Wu, Chuan and Pandolfi, Pier Paolo and Mak, Tak and Satija, Rahul and Shalek, Alex K. and Kuchroo, Vijay K. and Park, Hongkun and Regev, Aviv},
 journal = {Cell},
 title = {Single-cell genomics unveils critical regulators of {Th17} cell pathogenicity},
 year = {2015}
}

@misc{gaussian,
 IDS = {riushu},
 title = {Gaussian mixture VAE: lessons in variational inference, generative models and deep nets},
 url = {http://ruishu.io/2016/12/25/gmvae/},
 year = {2016}
}

@book{gelman.data,
 IDS = {GelmanHill:2007},
 author = {Gelman, Andrew and Hill, Jennifer},
 booktitle = {{Data Analysis Using Regression and Multilevel / Hierarchical Models}},
 publisher = {Cambridge University Press},
 title = {{Data Analysis Using Regression and Multilevel/Hierarchical Models}},
 year = {2007}
}

@misc{genomics,
 IDS = {10x},
 title = {10x Genomics},
 url = {https://support.10xgenomics.com/single-cell-gene-expression/datasets},
 year = {2017}
}

@article{ghahramani.generative,
 IDS = {Ghahramani2018},
 author = {Ghahramani, Arsham and Watt, Fiona M and Luscombe, Nicholas M},
 journal = {bioRxiv},
 title = {{Generative adversarial networks simulate gene expression and predict perturbations in single cells}},
 year = {2018}
}

@inproceedings{gilpin.explaining,
 IDS = {gilpin2018explaining},
 author = {Gilpin, Leilani H and Bau, David and Yuan, Ben Z and Bajwa, Ayesha and Specter, Michael and Kagal, Lalana},
 booktitle = {IEEE International Conference on data science and advanced analytics},
 title = {Explaining explanations: An overview of interpretability of machine learning},
 year = {2018}
}

@inproceedings{glorot.deep,
 IDS = {pmlr-v15-glorot11a},
 author = {Glorot, Xavier and Bordes, Antoine and Bengio, Yoshua},
 booktitle = {International Conference on Artificial Intelligence and Statistics},
 title = {Deep Sparse Rectifier Neural Networks},
 year = {2011}
}

@article{goh.the,
 IDS = {Ery2007},
 author = {Goh, Sung-Ho and Josleyn, Matthew and Lee, Y Terry and Danner, Robert L and Gherman, Robert B and Cam, Maggie C and Miller, Jeffery L},
 journal = {Physiological genomics},
 number = {2},
 pages = {172--178},
 title = {The human reticulocyte transcriptome},
 volume = {30},
 year = {2007}
}

@inproceedings{goldberger.training,
 IDS = {goldberger2016training},
 author = {Goldberger, Jacob and Ben-Reuven, Ehud},
 booktitle = {International Conference in Learning Representations},
 title = {Training deep neural-networks using a noise adaptation layer},
 year = {2017}
}

@inproceedings{goldsborough.cyto,
 IDS = {Goldsborough2017},
 author = {Goldsborough, Peter and Pawlowski, Nick and Caicedo, Juan C and Singh, Shantanu and Carpenter, Anne E},
 booktitle = {NIPS workshop in Computational Biology},
 title = {{CytoGAN}: Generative Modeling of Cell Images},
 year = {2017}
}

@inproceedings{golinski.amortized,
 IDS = {golinski2019amortized},
 author = {Golinski, Adam and Wood, Frank and Rainforth, Tom},
 booktitle = {International Conference on Machine Learning},
 title = {Amortized {M}onte {C}arlo integration},
 year = {2019}
}

@inproceedings{goodfellow.generative,
 IDS = {Goodfellow2014,goodfellow2014generative},
 author = {Goodfellow, Ian J and Pouget-Abadie, Jean and Mirza, Mehdi and Xu, Bing and Warde-Farley, David and Ozair, Sherjil and Courville, Aaron and Bengio, Yoshua},
 booktitle = {Advances in Neural Information Processing Systems},
 title = {Generative adversarial nets},
 year = {2014}
}

@article{gorgun.chronic,
 IDS = {Gorgun2005},
 author = {G{\"{o}}rg{\"{u}}n, G{\"{u}}ll{\"{u}} and Holderried, Tobias A W and Zahrieh, David and Neuberg, Donna and Gribben, John G},
 journal = {The Journal of Clinical Investigation},
 number = {7},
 pages = {1797--805},
 title = {{Chronic lymphocytic leukemia cells induce changes in gene expression of CD4 and CD8 T cells}},
 volume = {115},
 year = {2005}
}

@inproceedings{gregor.recurrent,
 IDS = {Gregor2015},
 author = {Gregor, Karol and Danihelka, Ivo and Graves, Alex and Rezende, Danilo and Wierstra, Daan},
 booktitle = {International Conference on Machine Learning},
 title = {{DRAW}: A recurrent neural network for image generation},
 year = {2015}
}

@inproceedings{gretton.kernel.hsic,
 IDS = {HSIC},
 author = {Gretton, Arthur and Fukumizu, Kenji and Teo, Choon Hui and Song, Le and Sch{\"{o}}lkopf, Bernhard and Smola, Alexander J.},
 booktitle = {Advances in Neural Information Processing Systems},
 title = {{A kernel statistical test of independence}},
 year = {2008}
}

@article{gretton.kernel.mmd,
IDS={MMD},
author = {Gretton, Arthur and Borgwardt, Karsten M. and Rasch, Malte J. and Sch\"{o}lkopf, Bernhard and Smola, Alexander},
journal = {Journal of Machine Learning Research},
pages = {723--773},
title = {{A kernel two-sample test}},
volume = {13},
year = {2012}
}


@inproceedings{gretton.measuring,
 IDS = {Gretton2005},
 author = {Gretton, Arthur and Bousquet, Olivier and Smola, Alex and Sch{\"o}lkopf, Bernhard},
 booktitle = {Algorithmic Learning Theory},
 title = {{Measuring statistical dependence with Hilbert-Schmidt norms}},
 year = {2005}
}

@article{gronbech.sc,
 IDS = {Gronbech2019,scVAE},
 author = {Gr{\o}nbech, Christopher Heje and Vording, Maximillian Fornitz and Timshel, Pascal Nordgren and S{\o}nderby, Casper Kaae and Pers, Tune Hannes and Winther, Ole},
 journal = {Bioinformatics},
 title = {{scVAE}: Variational auto-encoders for single-cell gene expression data},
 year = {2020}
}

@inproceedings{grover.bias,
 IDS = {grover2019bias},
 author = {Grover, Aditya and Song, Jiaming and Kapoor, Ashish and Tran, Kenneth and Agarwal, Alekh and Horvitz, Eric J and Ermon, Stefano},
 booktitle = {Advances in Neural Information Processing Systems},
 title = {Bias correction of learned generative models using likelihood-free importance weighting},
 year = {2019}
}

@article{grun.validation,
 IDS = {Grun2014a,Grun2014},
 author = {Gr{\"{u}}n, Dominic and Kester, Lennart and van Oudenaarden, Alexander},
 journal = {Nature Methods},
 title = {Validation of noise models for single-cell transcriptomics},
 year = {2014}
}

@article{guimaraes.objective,
 IDS = {Guimaraes2018},
 author = {Guimaraes, Gabriel and Sanchez-Lengeling, Benjamin and Outeiral, Carlos and Luis, Pedro and Farias, Cunha and Aspuru-Guzik, Al\'{a}n},
 journal = {arXiv},
 title = {Objective-reinforced generative adversarial networks ({ORGAN}) for sequence generation models},
 year = {2018}
}

@incollection{gulrajani.improved,
 IDS = {NIPS2017_7159},
 author = {Gulrajani, Ishaan and Ahmed, Faruk and Arjovsky, Martin and Dumoulin, Vincent and Courville, Aaron C},
 booktitle = {Advances in Neural Information Processing Systems 30},
 editor = {Guyon, I and Luxburg, U V and Bengio, S and Wallach, H and Fergus, R and Vishwanathan, S and Garnett, R},
 pages = {5767--5777},
 publisher = {Curran Associates, Inc.},
 title = {{Improved training of Wasserstein GANs}},
 year = {2017}
}

@inproceedings{gulrajani.pixel,
 IDS = {Gulrajani2017},
 author = {Gulrajani, Ishaan and Kumar, Kundan and Ahmed, Faruk and Taiga, Adrien Ali and Visin, Francesco and Vazquez, David and Courville, Aaron},
 booktitle = {International Conference on Learning Representations},
 title = {{PixelVAE}: a latent variable model for natural images},
 year = {2017}
}

@article{gupta.feedback,
 IDS = {Gupta2018a},
 arxivid = {1804.01694},
 author = {Gupta, Anvita and Zou, James},
 journal = {arXiv},
 month = {4},
 title = {{Feedback GAN (FBGAN) for DNA: a Novel Feedback-Loop Architecture for Optimizing Protein Functions}},
 url = {http://arxiv.org/abs/1804.01694},
 year = {2018}
}

@article{gupta.generative,
 IDS = {Gupta2018},
 author = {Gupta, Anvita and M{\"{u}}ller, Alex T. and Huisman, Berend J. H. and Fuchs, Jens A. and Schneider, Petra and Schneider, Gisbert},
 doi = {10.1002/MINF.201700111},
 journal = {Molecular Informatics},
 number = {1-2},
 pmid = {29095571},
 publisher = {Wiley-Blackwell},
 title = {{Generative Recurrent Networks for De Novo Drug Design}},
 url = {https://www.ncbi.nlm.nih.gov/pmc/articles/PMC5836943/},
 volume = {37},
 year = {2018}
}

@article{hafemeister.normalization,
 IDS = {hafemeister2019normalization},
 author = {Hafemeister, Christoph and Satija, Rahul},
 journal = {Genome Biology},
 number = {1},
 pages = {1--15},
 publisher = {Springer},
 title = {Normalization and variance stabilization of single-cell RNA-seq data using regularized negative binomial regression},
 volume = {20},
 year = {2019}
}

@article{haghverdi.batch,
 IDS = {MNN,MNNpaper},
 author = {Haghverdi, Laleh and Lun, Aaron T L and Morgan, Michael D and Marioni, John C},
 journal = {Nature Biotechnology},
 number = {5},
 pages = {421--427},
 title = {{Batch effects in single-cell RNA-sequencing data are corrected by matching mutual nearest neighbors}},
 volume = {36},
 year = {2018}
}

@inproceedings{han.based,
 IDS = {8363678},
 author = {Han, C and Hayashi, H and Rundo, L and Araki, R and Shimoda, W and Muramatsu, S and Furukawa, Y and Mauri, G and Nakayama, H},
 booktitle = {IEEE International Symposium on Biomedical Imaging},
 title = {{GAN-based synthetic brain MR image generation}},
 year = {2018}
}

@inproceedings{han.learning,
 IDS = {Han2018},
 author = {Han, Ligong and Murphy, Robert F. and Ramanan, Deva},
 booktitle = {IEEE Winter Conference on Applications of Computer Vision},
 title = {Learning Generative Models of Tissue Organization with Supervised {GANs}},
 year = {2018}
}

@article{harel.prototype,
 IDS = {Harel2018},
 author = {Harel, Shahar and Radinsky, Kira},
 doi = {10.1021/acs.molpharmaceut.8b00474},
 issn = {1543-8384},
 journal = {Molecular Pharmaceutics},
 keywords = {compound design, deep learning for medicine, generative models, prototype-based drug discovery},
 month = {10},
 number = {10},
 pages = {4406--4416},
 publisher = {American Chemical Society},
 title = {{Prototype-Based Compound Discovery Using Deep Generative Models}},
 url = {http://pubs.acs.org/doi/10.1021/acs.molpharmaceut.8b00474},
 volume = {15},
 year = {2018}
}

@article{hashimshony.seq,
 IDS = {celseq2016},
 author = {Hashimshony, Tamar and Senderovich, Naftalie and Avital, Gal and Klochendler, Agnes and de Leeuw, Yaron and Anavy, Leon and Gennert, Dave and Li, Shuqiang and Livak, Kenneth J and Rozenblatt-Rosen, Orit and others},
 journal = {Genome biology},
 number = {1},
 pages = {77},
 title = {CEL-Seq2: sensitive highly-multiplexed single-cell RNA-Seq},
 volume = {17},
 year = {2016}
}

@inproceedings{he.lagging,
 IDS = {he2018lagging},
 author = {He, Junxian and Spokoyny, Daniel and Neubig, Graham and Berg-Kirkpatrick, Taylor},
 booktitle = {International Conference on Learning Representations},
 title = {Lagging Inference Networks and Posterior Collapse in Variational Autoencoders},
 year = {2019}
}

@article{held.on,
 IDS = {doi:10.1146/annurev-statistics-031017-100307},
 author = {Held, Leonhard and Ott, Manuela},
 journal = {Annual Review of Statistics and Its Application},
 title = {On p-values and {Bayes} factors},
 year = {2018}
}

@article{heng.the,
 IDS = {immgen},
 author = {Heng, Tracy S. P.
and Painter, Michio W.
and Consortium, The Immunological Genome Project
and Elpek, Kutlu
and Lukacs-Kornek, Veronika
and Mauermann, Nora
and Turley, Shannon J.
and Koller, Daphne
and Kim, Francis S.
and Wagers, Amy J.
and Asinovski, Natasha
and Davis, Scott
and Fassett, Marlys
and Feuerer, Markus
and Gray, Daniel H. D.
and Haxhinasto, Sokol
and Hill, Jonathan A.
and Hyatt, Gordon
and Laplace, Catherine
and Leatherbee, Kristen
and Mathis, Diane
and Benoist, Christophe
and Jianu, Radu
and Laidlaw, David H.
and Best, J. Adam
and Knell, Jamie
and Goldrath, Ananda W.
and Jarjoura, Jessica
and Sun, Joseph C.
and Zhu, Yanan
and Lanier, Lewis L.
and Ergun, Ayla
and Li, Zheng
and Collins, James J.
and Shinton, Susan A.
and Hardy, Richard R.
and Friedline, Randall
and Sylvia, Katelyn
and Kang, Joonsoo},
 day = {01},
 journal = {Nature Immunology},
 pages = {1091},
 title = {The Immunological Genome Project: networks of gene expression in immune cells},
 volume = {9},
 year = {2008}
}

@article{hesterberg.weighted,
 IDS = {hesterberg1995weighted},
 author = {Hesterberg, Tim},
 journal = {Technometrics},
 title = {Weighted average importance sampling and defensive mixture distributions},
 year = {1995}
}

@article{hie.efficient,
 IDS = {scanorama},
 author = {Hie, Brian and Bryson, Bryan and Berger, Bonnie},
 journal = {Nature Biotechnology},
 number = {6},
 pages = {685},
 title = {Efficient integration of heterogeneous single-cell transcriptomes using Scanorama},
 volume = {37},
 year = {2019}
}

@article{higgins.beta,
 IDS = {Higgins2017,higgins2017beta},
 author = {Higgins, Irina and Matthey, Loic and Pal, Arka and Burgess, Christopher and Glorot, Xavier and Botvinick, Matthew and Mohamed, Shakir and Lerchner, Alexander},
 journal = {International Conference on Learning Representations},
 title = {beta-VAE: learning basic visual concepts with a constrained variational framework},
 year = {2017}
}

@book{hilbe.data,
 IDS = {Hilbe2015},
 address = {Cambridge},
 arxivid = {arXiv:1011.1669v3},
 author = {Hilbe, Joseph M.},
 booktitle = {Journal of Statistical Software},
 doi = {10.18637/jss.v030.b03},
 isbn = {052168689X},
 issn = {0012-9658},
 pmid = {14341096},
 publisher = {Cambridge University Press},
 title = {{Data Analysis Using Regression and Multilevel/Hierarchical Models}},
 url = {http://ebooks.cambridge.org/ref/id/CBO9780511790942},
 volume = {30},
 year = {2015}
}

@article{hinton.the,
 IDS = {Hinton1158},
 author = {Hinton, Geoffrey E. and Dayan, Peter and Frey, Brendan J. and Neal, Radford M.},
 journal = {Science},
 title = {{The ``wake-sleep'' algorithm for unsupervised neural networks}},
 year = {1995}
}

@article{hochgerner.conserved,
 IDS = {dentategyrus2018},
 author = {Hochgerner, Hannah and Zeisel, Amit and L{\"o}nnerberg, Peter and Linnarsson, Sten},
 journal = {Nature neuroscience},
 number = {2},
 pages = {290},
 publisher = {Nature Publishing Group},
 title = {Conserved properties of dentate gyrus neurogenesis across postnatal development revealed by single-cell RNA sequencing},
 volume = {21},
 year = {2018}
}

@inproceedings{hoffman.cycle,
 IDS = {pmlr-v80-hoffman18a},
 author = {Hoffman, Judy and Tzeng, Eric and Park, Taesung and Zhu, Jun-Yan and Isola, Phillip and Saenko, Kate and Efros, Alexei and Darrell, Trevor},
 booktitle = {International Conference on Machine Learning},
 pages = {1989--1998},
 title = {{C}y{CADA}: cycle-consistent adversarial domain adaptation},
 volume = {80},
 year = {2018}
}

@article{hoffman.stochastic,
 IDS = {Hoffman2013},
 author = {Hoffman, Matthew D. and Blei, David M. and Wang, Chong and Paisley, John},
 journal = {Journal of Machine Learning Research},
 title = {Stochastic variational inference},
 year = {2013}
}

@inproceedings{hoffman.surgery,
 IDS = {Hoffman2016},
 author = {Hoffman, Matthew D and Johnson, Matthew J},
 booktitle = {Advances in Approximate {B}ayesian Inference, NIPS Workshop},
 title = {{ELBO surgery: yet another way to carve up the variational evidence lower bound}},
 year = {2016}
}

@article{hopf.mutation,
 IDS = {hopf2017mutation,Hopf2017},
 author = {Hopf, Thomas A and Ingraham, John B and Poelwijk, Frank J and Sch{\"{a}}rfe, Charlotta P I and Springer, Michael and Sander, Chris and Marks, Debora S},
 journal = {Nature Biotechnology},
 title = {Mutation effects predicted from sequence co-variation},
 year = {2017}
}

@article{hornik.multilayer,
 IDS = {Hornik1989MultilayerApproximators},
 author = {Hornik, Kurt and Stinchcombe, Maxwell and White, Halbert},
 doi = {10.1016/0893-6080(89)90020-8},
 issn = {08936080},
 journal = {Neural Networks},
 keywords = {Back-propagation networks, Feedforward networks, Mapping networks, Network representation capability, Sigma-Pi networks, Squashing functions, Stone-Weierstrass Theorem, Universal approximation},
 title = {{Multilayer feedforward networks are universal approximators}},
 year = {1989}
}

@article{hsu.tail,
 IDS = {hsu2012tail},
 author = {Hsu, Daniel and Kakade, Sham and Zhang, Tong and others},
 journal = {Electronic Communications in Probability},
 title = {A tail inequality for quadratic forms of sub-{G}aussian random vectors},
 year = {2012}
}

@inproceedings{hu.on,
 IDS = {Hu2018},
 author = {Hu, Zhiting and Yang, Zichao and Salakhutdinov, Ruslan and Xing, Eric},
 booktitle = {International Conference on Learning Representations},
 title = {On Unifying Deep Generative Models},
 year = {2018}
}

@inproceedings{hu.parameter,
 IDS = {Hu2019,tybalt_param},
 author = {Hu, Qiwen and Greene, Casey S},
 booktitle = {Pacific Symposium on Biocomputing},
 title = {{Parameter tuning is a key part of dimensionality reduction via deep variational autoencoders for single cell RNA transcriptomics}},
 year = {2019}
}

@article{hyvarinen.independent,
 IDS = {hyvarinen2000independent},
 author = {Hyv{\"a}rinen, Aapo and Oja, Erkki},
 journal = {Neural networks},
 title = {Independent component analysis: algorithms and applications},
 year = {2000}
}

@inproceedings{ingraham.learning,
 IDS = {ingraham2018learning},
 author = {Ingraham, John and Riesselman, Adam and Sander, Chris and Marks, Debora},
 booktitle = {International Conference on Learning Representations},
 title = {{Learning Protein Structure with a Differentiable Simulator}},
 url = {https://openreview.net/forum?id=Byg3y3C9Km},
 year = {2019}
}

@misc{initiative,
 IDS = {biccn},
 title = {BRAIN Initiative Cell Census Network (BICCN)},
 url = {https://biccn.org/data/},
 year = {2018}
}

@inproceedings{ioffe.batch,
 IDS = {batchnorm,Ioffe2015},
 author = {Ioffe, Sergey and Szegedy, Christian},
 booktitle = {International Conference on Machine Learning},
 title = {Batch normalization: Accelerating deep network training by reducing internal covariate shift},
 year = {2015}
}

@article{jacob.data,
 IDS = {Levine_PhenoGraph_2015},
 author = {Jacob H. Levine and Erin F. Simonds and Sean C. Bendall and Kara L. Davis and El-ad D. Amir and Michelle D. Tadmor and Oren Litvin and Harris G. Fienberg and Astraea Jager and Eli R. Zunder and Rachel Finck and Amanda L. Gedman and Ina Radtke and James R. Downing and Dana Pe'er and Garry P. Nolan},
 journal = {Cell},
 number = {1},
 pages = {184--197},
 title = {Data-driven phenotypic dissection of {AML} reveals progenitor-like cells that correlate with prognosis},
 volume = {162},
 year = {2015}
}

@article{jaitin.massively,
 IDS = {jaitin2014massively},
 author = {Jaitin, Diego Adhemar and Kenigsberg, Ephraim and Keren-Shaul, Hadas and Elefant, Naama and Paul, Franziska and Zaretsky, Irina and Mildner, Alexander and Cohen, Nadav and Jung, Steffen and Tanay, Amos and others},
 journal = {Science},
 number = {6172},
 pages = {776--779},
 publisher = {American Association for the Advancement of Science},
 title = {Massively parallel single-cell RNA-seq for marker-free decomposition of tissues into cell types},
 volume = {343},
 year = {2014}
}

@inproceedings{jang.categorical,
 IDS = {jang2017categorical},
 author = {Jang, Eric and Gu, Shixiang and Poole, Ben},
 booktitle = {International Conference on Learning Representations},
 title = {Categorical reparametrization with Gumble-Softmax},
 year = {2017}
}

@article{janizek.explainable,
 IDS = {janizek2018explainable},
 author = {Janizek, Joseph D and Celik, Safiye and Lee, Su-In},
 journal = {ICML Workshop in Computational Biology},
 title = {Explainable machine learning prediction of synergistic drug combinations for precision cancer medicine},
 year = {2019}
}

@inproceedings{ji.stochastic,
 IDS = {EUBO},
 author = {Ji, Chunlin and Shen, Haige},
 booktitle = {NeurIPS workshop on Bayesian Deep Learning},
 title = {Stochastic variational inference via upper bound},
 year = {2019}
}

@inproceedings{jin.junction,
 IDS = {pmlr-v80-jin18a},
 address = {Stockholmsm{\"{a}}ssan, Stockholm Sweden},
 author = {Jin, Wengong and Barzilay, Regina and Jaakkola, Tommi},
 booktitle = {International Conference on Machine Learning},
 editor = {Dy, Jennifer and Krause, Andreas},
 pages = {2323--2332},
 publisher = {PMLR},
 series = {Proceedings of Machine Learning Research},
 title = {{Junction tree variational autoencoder for molecular graph generation}},
 volume = {80},
 year = {2018}
}

@inproceedings{jitkrittum.an,
 IDS = {Jitkrittum2016},
 author = {Jitkrittum, Wittawat  and Szab{\'o}, Zolt{\'a}n and Gretton, Arthur},
 booktitle = {International Conference on Machine Learning},
 pages = {1742--1751},
 title = {An adaptive test of independence with analytic kernel embeddings},
 year = {2017}
}

@inproceedings{jochen.lightweight,
 IDS = {DBLP:journals/corr/abs-1805-11327},
 author = {Jochen Gast and
Stefan Roth},
 booktitle = {Conference on Computer Vision and Pattern Recognition},
 title = {Lightweight probabilistic deep networks},
 year = {2018}
}

@incollection{john.learning,
 IDS = {boundsDA},
 author = {John Blitzer and Crammer, Koby and Kulesza, Alex and Fernando Pereira and Jennifer Wortman},
 booktitle = {Advances in Neural Information Processing Systems 20},
 editor = {J. C. Platt and D. Koller and Y. Singer and S. T. Roweis},
 pages = {129--136},
 title = {Learning bounds for domain adaptation},
 year = {2008}
}

@article{johnson.adjusting,
 IDS = {Johnson2007,combat},
 author = {Johnson, W Evan and Li, Cheng and Rabinovic, Ariel},
 journal = {Biostatistics},
 number = {1},
 pages = {118--127},
 title = {Adjusting batch effects in microarray expression data using empirical {Bayes} methods},
 volume = {8},
 year = {2007}
}

@inproceedings{johnson.composing,
 IDS = {NIPS2016_6379},
 author = {Johnson, Matthew and Duvenaud, David K and Wiltschko, Alex and Adams, Ryan P and Datta, Sandeep R},
 booktitle = {Advances in Neural Information Processing Systems},
 title = {{Composing graphical models with neural networks for structured representations and fast inference}},
 year = {2016}
}

@book{jolliffe.principal,
 IDS = {Jolliffe1986},
 author = {Jolliffe, Ian T},
 publisher = {Springer New York},
 title = {Principal Component Analysis},
 year = {1986}
}

@article{jordan.an,
 IDS = {jordan1999introduction},
 author = {Jordan, Michael I and Ghahramani, Zoubin and Jaakkola, Tommi S and Saul, Lawrence K},
 journal = {Machine learning},
 title = {An introduction to variational methods for graphical models},
 year = {1999}
}

@inproceedings{jose.probabilistic,
 IDS = {pmlr-v37-hernandez-lobatoc15},
 address = {Lille, France},
 author = {Jose Miguel Hernandez-Lobato and Ryan Adams},
 booktitle = {International Conference on Machine Learning},
 month = {07--09 Jul},
 pages = {1861--1869},
 title = {Probabilistic Backpropagation for Scalable Learning of Bayesian Neural Networks},
 volume = {37},
 year = {2015}
}

@article{ju.defining,
 IDS = {nano2013},
 author = {Ju, Wenjun and Greene, Casey S and Eichinger, Felix and Nair, Viji and Hodgin, Jeffery B and Bitzer, Markus and Lee, Young-suk and Zhu, Qian and Kehata, Masami and Li, Min and others},
 journal = {Genome research},
 pages = {gr--155697},
 title = {Defining cell-type specificity at the transcriptional level in human disease},
 year = {2013}
}

@inproceedings{k.neural,
 IDS = {Kandasamy2018},
 author = {Kandasamy, Kirthevasan and Neiswanger, Willie and Schneider, Jeff and P{\'{o}}czos, Barnab\'{a}s and Xing, Eric P},
 booktitle = {Advances in Neural Information Processing Systems},
 title = {Neural Architecture Search with {Bayesian} Optimisation and Optimal Transport},
 year = {2018}
}

@inproceedings{kaaesonderby.ladder,
 IDS = {KaaeSnderby2016,warmup,Sønderby2016,Snderby2016LadderAutoencoders, sonderby.ladder},
 author = {Kaae S{\o}nderby, Casper and Raiko, Tapani and Maal{\o}e, Lars and Kaae S{\o}nderby, Søren and Winther, Ole},
 booktitle = {Advances in Neural Information Processing Systems},
 title = {{Ladder variational autoencoders}},
 year = {2016}
}

@article{kadurin.dru,
 IDS = {Kadurin2017},
 author = {Kadurin, Artur and Nikolenko, Sergey and Khrabrov, Kuzma and Aliper, Alex and Zhavoronkov, Alex},
 journal = {Molecular Pharmaceutics},
 title = {{druGAN}: an advanced generative adversarial autoencoder model for de novo generation of new molecules with desired molecular properties in silico},
 year = {2017}
}

@article{kadurin.the,
 IDS = {Kadurin2017b},
 author = {Kadurin, Artur and Aliper, Alexander and Kazennov, Andrey and Mamoshina, Polina and Vanhaelen, Quentin and Khrabrov, Kuzma and Zhavoronkov, Alex},
 journal = {Oncotarget},
 title = {The cornucopia of meaningful leads: Applying deep adversarial autoencoders for new molecule development in oncology},
 year = {2017}
}

@article{kang.multiplexed,
 IDS = {kang2018multiplexed},
 author = {Kang, Hyun Min and Subramaniam, Meena and Targ, Sasha and Nguyen, Michelle and Maliskova, Lenka and McCarthy, Elizabeth and Wan, Eunice and Wong, Simon and Byrnes, Lauren and Lanata, Cristina M and others},
 journal = {Nature Biotechnology},
 number = {1},
 pages = {89},
 title = {Multiplexed droplet single-cell RNA-sequencing using natural genetic variation},
 volume = {36},
 year = {2018}
}

@article{kass.bayes,
 IDS = {Kass1995},
 author = {Kass, Robert E. and Raftery, Adrian E.},
 journal = {Journal of the American Statistical Association},
 title = {{Bayes} factors},
 year = {1995}
}

@article{kharchenko.bayesian,
 IDS = {kharchenko2014bayesian},
 author = {Kharchenko, Peter V and Silberstein, Lev and Scadden, David T},
 journal = {Nature Methods},
 number = {7},
 pages = {740--742},
 publisher = {Nature Research},
 title = {Bayesian approach to single-cell differential expression analysis},
 volume = {11},
 year = {2014}
}

@inproceedings{kim.disentangling,
 IDS = {Kim2018},
 author = {Kim, Hyunjik and Mnih, Andriy},
 booktitle = {Learning Disentangled Representations: NIPS Workshop},
 title = {{Disentangling by factorising}},
 year = {2017}
}

@inproceedings{kingma.adam,
 IDS = {adam},
 author = {Kingma, Diederik P and Ba, Jimmy},
 booktitle = {International Conference in Learning Representations},
 title = {Adam: A method for stochastic optimization},
 year = {2015}
}

@inproceedings{kingma.auto,
 IDS = {AEVB,Kingma2014,aevb,kingma2013},
 author = {Kingma, Diederik P and Welling, Max},
 booktitle = {International Conference on Learning Representations},
 title = {Auto-encoding variational {Bayes}},
 year = {2014}
}

@inproceedings{kingma.improved,
 IDS = {Kingma2016,Kingma2016a},
 author = {Kingma, Diederik P and Salimans, Tim and Jozefowicz, Rafal and Chen, Xi and Sutskever, Ilya and Welling, Max},
 booktitle = {Advances in Neural Information Processing Systems},
 title = {Improved variational inference with inverse autoregressive flow},
 year = {2016}
}

@inproceedings{kingma.semi,
 IDS = {kingma2014semi,m1m2,KingmaRMW14,DBLP:journals/corr/KingmaRMW14},
 author = {Kingma, Durk P and Mohamed, Shakir and Rezende, Danilo Jimenez and Welling, Max},
 booktitle = {Advances in neural information processing systems},
 title = {Semi-supervised learning with deep generative models},
 year = {2014}
}

@inproceedings{kingma.variational,
 IDS = {NIPS2015_5666},
 author = {Kingma, Durk P and Salimans, Tim and Welling, Max},
 booktitle = {Advances in Neural Information Processing Systems 28},
 pages = {2575--2583},
 title = {Variational dropout and the local reparameterization trick},
 year = {2015}
}

@article{kiselev.scmap,
 IDS = {scmap},
 author = {Kiselev, Vladimir Yu
and Yiu, Andrew
and Hemberg, Martin},
 day = {02},
 journal = {Nature Methods},
 pages = {359},
 title = {scmap: projection of single-cell {RNA}-seq data across data sets},
 volume = {15},
 year = {2018}
}

@article{klein.droplet,
 IDS = {Klein2015,klein2015droplet},
 author = {Klein, Allon M and Mazutis, Linas and Akartuna, Ilke and Tallapragada, Naren and Veres, Adrian and Li, Victor and Peshkin, Leonid and Weitz, David A and Kirschner, Marc W},
 journal = {Cell},
 number = {5},
 pages = {1187-1201},
 title = {Droplet Barcoding for Single-Cell Transcriptomics Applied to Embryonic Stem Cells},
 volume = {161},
 year = {2015}
}

@inproceedings{kocaoglu.causal,
 IDS = {Kocaoglu2018},
 arxivid = {1709.02023v2},
 author = {Kocaoglu, Murat and Snyder, Christopher and Dimakis, Alexandros G and Vishwanath, Sriram},
 booktitle = {International Conference on Learning Representations},
 title = {{CausalGAN: Learning Causal Implicit Generative Models with Adversarial Training}},
 url = {https://arxiv.org/pdf/1709.02023.pdf},
 year = {2018}
}

@article{kohler.deep,
 IDS = {Kohler653907},
 author = {K{\"o}hler, Niklas D. and B{\"u}ttner, Maren and Theis, Fabian J.},
 journal = {bioRxiv},
 title = {Deep learning does not outperform classical machine learning for cell-type annotation},
 year = {2019}
}

@article{kuangchih.acquiring,
 IDS = {KCLee05},
 author = {Kuang-Chih Lee, Jeffrey Ho, David J Kriegman},
 journal = {IEEE Transactions on Pattern Analysis and Machine Intelligence},
 number = {5},
 pages = {684-698},
 title = {Acquiring linear subspaces for face recognition under variable lighting },
 volume = {27},
 year = {2005}
}

@inproceedings{kuleshov.accurate,
 IDS = {kuleshov2018accurate},
 author = {Kuleshov, Volodymyr and Fenner, Nathan and Ermon, Stefano},
 booktitle = {International Conference on Machine Learning},
 pages = {2801--2809},
 title = {Accurate uncertainties for deep learning using calibrated regression},
 year = {2018}
}

@inproceedings{kurutach.learning,
 IDS = {Kurutach2018},
 author = {Kurutach, Thanard and Tamar, Aviv and Yang, Ge and Russell, Stuart J. and Abbeel, Pieter},
 booktitle = {Advances in Neural Information Processing Systems},
 title = {Learning plannable representations with causal {InfoGAN}},
 year = {2018}
}

@inproceedings{kusmierczyk.variational,
 IDS = {NIPS2019_8868},
 author = {Ku\'{s}mierczyk, Tomasz and Sakaya, Joseph and Klami, Arto},
 booktitle = {Advances in Neural Information Processing Systems},
 title = {Variational {B}ayesian decision-making for continuous utilities},
 year = {2019}
}

@article{kuzminykh.molecular,
 IDS = {Kuzminykh2018},
 author = {Kuzminykh, Denis and Polykovskiy, Daniil and Kadurin, Artur and Zhebrak, Alexander and Baskov, Ivan and Nikolenko, Sergey and Shayakhmetov, Rim and Zhavoronkov, Alex},
 doi = {10.1021/acs.molpharmaceut.7b01134},
 issn = {1543-8384},
 journal = {Molecular Pharmaceutics},
 keywords = {3D convolutional neural networks, autoencoders, wave transform, wavelets},
 month = {10},
 number = {10},
 pages = {4378--4385},
 pmid = {29473756},
 title = {{3D molecular representations based on the wave transform for convolutional neural networks}},
 volume = {15},
 year = {2018}
}

@inproceedings{lacostejulien.approximate,
 IDS = {lacoste2011approximate},
 author = {Lacoste--Julien, Simon and Husz{\'a}r, Ferenc and Ghahramani, Zoubin},
 booktitle = {International Conference on Artificial Intelligence and Statistics},
 title = {Approximate inference for the loss-calibrated {B}ayesian},
 year = {2011}
}

@inproceedings{lafarge.capturing,
 IDS = {lafarge2018capturing},
 author = {Lafarge, Maxime W and Caicedo, Juan C and Carpenter, Anne E and Pluim, Josien PW and Singh, Shantanu and Veta, Mitko},
 booktitle = {International Conference on Medical Imaging with Deep Learning},
 title = {Capturing single-cell phenotypic variation via unsupervised representation learning},
 year = {2019}
}

@article{lakhani.deep,
 IDS = {Lakhani2017},
 author = {Lakhani, Paras and Sundaram, Baskaran},
 doi = {10.1148/radiol.2017162326},
 issn = {0033-8419},
 journal = {Radiology},
 month = {8},
 number = {2},
 pages = {574--582},
 title = {{Deep Learning at Chest Radiography: Automated Classification of Pulmonary Tuberculosis by Using Convolutional Neural Networks}},
 url = {http://pubs.rsna.org/doi/10.1148/radiol.2017162326},
 volume = {284},
 year = {2017}
}

@article{laplace.memoir,
 IDS = {laplace1986},
 author = {Laplace, Pierre Simon},
 journal = {Statistical Science},
 title = {Memoir on the probability of the causes of events},
 year = {1986}
}

@article{laurent.adaptive,
 IDS = {laurent2000},
 author = {Laurent, Beatrice and Massart, Pascal},
 journal = {The Annals of Statistics},
 title = {Adaptive estimation of a quadratic functional by model selection},
 year = {2000}
}

@article{le.revisiting,
 IDS = {le2018revisiting},
 author = {Le, Tuan Anh and Kosiorek, A and Siddharth, N and Teh, Yee Whye and Wood, Frank},
 journal = {Association for Uncertainty in Artificial Intelligence},
 title = {Revisiting reweighted wake-sleep for models with stochastic control flow},
 year = {2019}
}

@article{lecun.gradient,
 IDS = {mnist},
 author = {LeCun, Yann and Bottou, L{\'e}on and Bengio, Yoshua and Haffner, Patrick and others},
 journal = {Proceedings of the IEEE},
 title = {Gradient-based learning applied to document recognition},
 year = {1998}
}

@inproceedings{ledig.photo,
 IDS = {Ledig2018},
 author = {Ledig, Christian and Theis, Lucas and Husz{\'{a}}r, Ferenc and Caballero, Jose and Cunningham, Andrew and Acosta, Alejandro and Aitken, Andrew and Tejani, Alykhan and Totz, Johannes and Wang, Zehan and Shi Twitter, Wenzhe},
 booktitle = {Conference on Computer Vision and Pattern Recognition},
 title = {Photo-Realistic Single Image Super-Resolution Using a Generative Adversarial Network},
 year = {2018}
}

@article{levitin.de,
 IDS = {Levitin2019},
 author = {Levitin, Hanna Mendes and Yuan, Jinzhou and Cheng, Yim Ling and Ruiz, Francisco JR and Bush, Erin C and Bruce, Jeffrey N and Canoll, Peter and Iavarone, Antonio and Lasorella, Anna and Blei, David M and Sims, Peter A},
 journal = {Molecular Systems Biology},
 title = {{De novo gene signature identification from single-cell RNA-seq with hierarchical Poisson factorization}},
 year = {2019}
}

@article{li.measuring,
 IDS = {Li2011},
 author = {Li, Qunhua and Brown, James B and Huang, Haiyan and Bickel, Peter J},
 journal = {Annals of Applied Statistics},
 number = {3},
 pages = {1752--1779},
 title = {{Measuring reproducibility of high-throughput experiments}},
 volume = {5},
 year = {2011}
}

@inproceedings{li.nyi,
 IDS = {Li2016,NIPS2016_6208},
 author = {Li, Yingzhen and Turner, Richard E.},
 booktitle = {Advances in Neural Information Processing Systems},
 title = {R{\'{e}}nyi divergence variational inference},
 year = {2016}
}

@article{lim.molecular,
 IDS = {Lim2018},
 author = {Lim, Jaechang and Ryu, Seongok and Kim, Jin Woo and Kim, Woo Youn},
 doi = {10.1186/s13321-018-0286-7},
 issn = {1758-2946},
 journal = {Journal of Cheminformatics},
 keywords = {Conditional variational autoencoder, Deep learning, Molecular design},
 month = {12},
 number = {1},
 pages = {31},
 pmid = {29995272},
 publisher = {BioMed Central},
 title = {{Molecular generative model based on conditional variational autoencoder for de novo molecular design}},
 url = {http://www.ncbi.nlm.nih.gov/pubmed/29995272 http://www.pubmedcentral.nih.gov/articlerender.fcgi?artid=PMC6041224 https://jcheminf.springeropen.com/articles/10.1186/s13321-018-0286-7},
 volume = {10},
 year = {2018}
}

@article{lin.sc,
 IDS = {scmerge},
 author = {Lin, Yingxin and Ghazanfar, Shila and Wang, Kevin Y X and Gagnon-Bartsch, Johann A and Lo, Kitty K and Su, Xianbin and Han, Ze-Guang and Ormerod, John T and Speed, Terence P and Yang, Pengyi and Yang, Jean Yee Hwa},
 journal = {Proceedings of the National Academy of Sciences},
 number = {20},
 pages = {9775--9784},
 title = {{scMerge leverages factor analysis, stable expression, and pseudoreplication to merge multiple single-cell RNA-seq datasets}},
 volume = {116},
 year = {2019}
}

@article{lin.using,
 IDS = {Lin2017},
 author = {Lin, Chieh and Jain, Siddhartha and Kim, Hannah and Bar-Joseph, Ziv},
 journal = {Nucleic Acids Research},
 number = {17},
 pages = {e156--e156},
 title = {Using neural networks for reducing the dimensions of single-cell {RNA}-Seq data},
 volume = {45},
 year = {2017}
}

@inproceedings{liqun.symmetric,
 IDS = {pmlr-v84-chen18b},
 author = {Liqun Chen and Shuyang Dai and Yunchen Pu and Erjin Zhou and Chunyuan Li and Qinliang Su and Changyou Chen and Lawrence Carin},
 booktitle = {International Conference on Artificial Intelligence and Statistics},
 title = {Symmetric variational autoencoder and connections to adversarial learning},
 year = {2018}
}

@incollection{liu.constrained,
 IDS = {NIPS2018_8005},
 author = {Liu, Qi and Allamanis, Miltiadis and Brockschmidt, Marc and Gaunt, Alexander},
 booktitle = {Advances in Neural Information Processing Systems 31},
 editor = {Bengio, S and Wallach, H and Larochelle, H and Grauman, K and Cesa-Bianchi, N and Garnett, R},
 pages = {7795--7804},
 publisher = {Curran Associates, Inc.},
 title = {{Constrained graph variational autoencoders for molecule design}},
 year = {2018}
}

@inproceedings{liu.rao,
 IDS = {liu2019rao},
 author = {Liu, Runjing and Regier, Jeffrey and Tripuraneni, Nilesh and Jordan, Michael and McAuliffe, Jon},
 booktitle = {International Conference on Machine Learning},
 title = {{Rao-Blackwellized} Stochastic Gradients for Discrete Distributions},
 year = {2019}
}

@inproceedings{lopez.cost,
 IDS = {Lopez2019a},
 author = {Lopez, Romain and Li, Chenchen and Yan, Xiang and Xiong, Junwu and Jordan, Michael I and Qi, Yuan and Song, Le},
 booktitle = {AAAI Conference on Artificial Intelligence},
 title = {{Cost-Effective Incentive Allocation via Structured Counterfactual Inference}},
 year = {2020}
}

@article{lopez.deep,
 IDS = {Lopez292037,Lopez2018,scvi},
 author = {Lopez, Romain and Regier, Jeffrey and Cole, Michael B. and Jordan, Michael I. and Yosef, Nir},
 journal = {Nature Methods},
 title = {{Deep generative modeling for single-cell transcriptomics}},
 year = {2018}
}

@inproceedings{baylearn,
 author = {Lopez, Romain and Regier, Jeffrey and Jordan, Michael I. and Yosef, Nir},
 booktitle = {Bay Area Machine Learning Symposium},
 title = {{A deep generative model for gene expression profiles from single-cell RNA sequencing}},
 year = {2017}
}
@inproceedings{poxm,
 author = {Romain Lopez and Inderjit Dhillon and Michael I. Jordan},
 booktitle = {AAAI Conference on Artificial Intelligence},
 title = {{Learning from eXtreme Bandit Feedback}},
 year = {2021}
}

@inproceedings{MLCB,
 author = {Lopez, Romain and Regier, Jeffrey and Jordan, Michael I. and Yosef, Nir},
 booktitle = {NeurIPS Machine Learning workshop in Computational Biology},
 title = {{A deep generative model for gene expression profiles from single-cell RNA sequencing with application to differential expression}},
 year = {2017}
}

@inproceedings{lopez.information,
 IDS = {HCV,Lopez2018a},
 author = {Lopez, Romain and Regier, Jeffrey and Jordan, Michael I. and Yosef, Nir},
 booktitle = {Advances in Neural Information Processing Systems},
 title = {Information constraints on auto-encoding variational {Bayes}},
 year = {2018}
}

@inproceedings{lopez.joint,
 IDS = {Lopez2019},
 arxivid = {1905.02269v1},
 author = {Lopez, Romain and Nazaret, Achille and Langevin, Maxime and Samaran, Jules and Regier, Jeffrey and Jordan, Michael I and Yosef, Nir},
 booktitle = {ICML workshop in Computational Biology},
 title = {{A joint model of unpaired data from scRNA-seq and spatial transcriptomics for imputing missing gene expression measurements}},
 year = {2019}
}

@article{lotfollahi.generative,
 IDS = {Lotfollahi2018},
 author = {Lotfollahi, M. and Wolf, F. Alexander and Theis, Fabian J.},
 doi = {10.1101/478503},
 journal = {Nature Methods},
 title = {{Generative modeling and latent space arithmetics predict single-cell perturbation response across cell types, studies and species}},
 year = {2019}
}

@inproceedings{louizos.causal,
 IDS = {Louizos2017},
 author = {Louizos, Christos and Shalit, Uri and Mooij, Joris and Sontag, David and Zemel, Richard and Welling, Max},
 booktitle = {Advances in Neural Information Processing Systems},
 title = {Causal effect inference with deep latent-variable models},
 year = {2017}
}

@inproceedings{louizos.the,
 IDS = {VFAE,louizos2016variational,Louizos2016},
 author = {Louizos, Christos and Swersky, Kevin and Li, Yujia and Welling, Max and Zemel, Richard},
 booktitle = {International Conference on Learning Representations},
 title = {{The variational fair autoencoder}},
 year = {2016}
}

@article{love.moderated,
 IDS = {love2014moderated,deseq2},
 author = {Love, Michael I and Huber, Wolfgang and Anders, Simon},
 journal = {Genome Biology},
 title = {Moderated estimation of fold change and dispersion for {RNA-seq} data with {DESeq2}},
 year = {2014}
}

@inproceedings{lucas.don,
 IDS = {NIPS2019_9138},
 author = {Lucas, James and Tucker, George and Grosse, Roger B and Norouzi, Mohammad},
 booktitle = {Advances in Neural Information Processing Systems},
 title = {Don't Blame the ELBO! A Linear VAE Perspective on Posterior Collapse},
 year = {2019}
}

@inproceedings{lundberg.unified,
 IDS = {NIPS2017_7062},
 author = {Lundberg, Scott M and Lee, Su-In},
 booktitle = {Advances in Neural Information Processing Systems},
 title = {A unified approach to interpreting model predictions},
 year = {2017}
}

@inproceedings{lydia.delayed,
 IDS = {liu2018icml},
 author = {Lydia T. Liu and
Sarah Dean and
Esther Rolf and
Max Simchowitz and
Moritz Hardt},
 booktitle = {International Conference on Machine Learning},
 title = {Delayed Impact of Fair Machine Learning},
 year = {2018}
}

@inproceedings{m.transfer,
 IDS = {6751384},
 author = {M. {Long} and J. {Wang} and G. {Ding} and J. {Sun} and P. S. {Yu}},
 booktitle = {IEEE International Conference on Computer Vision},
 title = {Transfer feature learning with joint distribution adaptation},
 year = {2013}
}

@inproceedings{maaloe.auxiliary,
 IDS = {maaloe2016auxiliary},
 author = {Maal{\o}e, Lars and S{\o}nderby, Casper Kaae and S{\o}nderby, S{\o}ren Kaae and Winther, Ole},
 booktitle = {International Conference on Machine Learning},
 pages = {1445--1453},
 title = {Auxiliary deep generative models},
 year = {2016}
}

@article{macosko.highly,
 IDS = {SEURAT,dropseq},
 author = {Macosko, Evan and Basu, Anindita and Satija, Rahul and Nemesh, James and Shekhar, Karthik and Goldman, Melissa and Tirosh, Itay and Bialas, Allison and Kamitaki, Nolan and Martersteck, Emily and Trombetta, John and Weitz, David and Sanes, Joshua and Shalek, Alex and Regev, Aviv and McCarroll, Steven},
 journal = {Cell},
 number = {5},
 pages = {1202-1214},
 title = "Highly parallel genome-wide expression profiling of individual cells using nanoliter droplets",
 volume = {161},
 year = {2017}
}

@inproceedings{mairal.online,
 IDS = {mairal2009online},
 author = {Mairal, Julien and Bach, Francis and Ponce, Jean and Sapiro, Guillermo},
 booktitle = {International Conference on Machine Learning},
 title = {Online dictionary learning for sparse coding},
 year = {2009}
}

@inproceedings{mairal.supervised,
 IDS = {dic_learning},
 author = {Mairal, Julien and Jean Ponce and Sapiro, Guillermo and Zisserman, Andrew and Francis R. Bach},
 booktitle = {Advances in Neural Information Processing Systems},
 pages = {1033--1040},
 title = {Supervised dictionary learning},
 year = {2009}
}

@inproceedings{makhzani.adversarial,
 IDS = {Makhzani2015,44904},
 author = {Makhzani, Alireza and Shlens, Jonathon and Jaitly, Navdeep and Goodfellow, Ian},
 booktitle = {International Conference on Learning Representations},
 title = {Adversarial autoencoders},
 year = {2016}
}

@article{manica.toward,
 IDS = {manica2019},
 author = {Manica, Matteo and Oskooei, Ali and Born, Jannis and Subramanian, Vigneshwari and S\'{a}ez-Rodr\'{i}guez, Julio and Rodr\'{i}guez Mart\'{i}nez, Mar\'{i}a},
 journal = {Molecular Pharmaceutics},
 title = {Toward explainable anticancer compound sensitivity prediction via multimodal attention-based convolutional encoders},
 year = {2019}
}

@incollection{marin.importance,
 IDS = {marin:hal-00424475},
 author = {Marin, Jean-Michel and Robert, Christian},
 booktitle = {{Frontiers of Statistical Decision Making and Bayesian Analysis}},
 title = {{Importance sampling methods for Bayesian discrimination between embedded models}},
 year = {2010}
}

@article{marouf.realistic,
 IDS = {Bonn2018},
 author = {Marouf, Mohamed and Machart, Pierre and Magruder, Daniel Sumner and Bansal, Vikas and Kilian, Christoph and Krebs, Christian F. and Bonn, Stefan},
 journal = {Nature Communications},
 title = {{Realistic in silico generation and augmentation of single cell RNA-seq data using Generative Adversarial Neural Networks}},
 year = {2020}
}

@article{martingayo.reproducibility,
 IDS = {scrad},
 author = {Martin-Gayo, Enrique
and Cole, Michael B.
and Kolb, Kellie E.
and Ouyang, Zhengyu
and Cronin, Jacqueline
and Kazer, Samuel W.
and Ordovas-Montanes, Jose
and Lichterfeld, Mathias
and Walker, Bruce D.
and Yosef, Nir
and Shalek, Alex K.
and Yu, Xu G.},
 day = {29},
 doi = {10.1186/s13059-017-1385-x},
 issn = {1474-760X},
 journal = {Genome Biology},
 number = {1},
 pages = {10},
 title = {A Reproducibility-Based Computational Framework Identifies an Inducible, Enhanced Antiviral State in Dendritic Cells from HIV-1 Elite Controllers},
 volume = {19},
 year = {2018}
}

@inproceedings{mattei.deep,
 IDS = {pmlr-v97-mattei19a},
 author = {Mattei, Pierre-Alexandre and Frellsen, Jes},
 booktitle = {International Conference on Machine Learning},
 title = {{MIWAE}: deep generative modelling and imputation of incomplete data sets},
 year = {2019}
}

@inproceedings{maurer.empirical,
 IDS = {Maurer2009},
 author = {Maurer, Andreas and Pontil, Massimiliano},
 booktitle = {Computational Learning Theory Conference},
 title = {{Empirical Bernstein Bounds and Sample Variance Penalization}},
 year = {2009}
}

@inproceedings{maxime.deep,
 IDS = {noisylabels},
 author = {Maxime Langevin and
Edouard Mehlman and
Jeffrey Regier and
Romain Lopez and
Michael I. Jordan and
Nir Yosef},
 journal = {Bay Area Machine Learning Symposium},
 title = {A deep generative model for semi-supervised classification with noisy
labels},
 volume = {abs/1809.05957},
 year = {2018}
}

@article{mcinnes.uniform,
 IDS = {umap},
 author = {McInnes, Leland and Healy, John and Saul, Nathaniel and Grossberger, Lukas},
 journal = {The Journal of Open Source Software},
 number = {29},
 pages = {861},
 title = {UMAP: Uniform manifold approximation and projection},
 volume = {3},
 year = {2018}
}

@article{mckenna.recording,
 IDS = {mckenna2019recording},
 author = {McKenna, Aaron and Gagnon, James A},
 journal = {Development},
 title = {Recording development with single cell dynamic lineage tracing},
 year = {2019}
}

@inproceedings{mescheder.adversarial,
 IDS = {Mescheder2017},
 author = {Mescheder, Lars and Nowozin, Sebastian and Geiger, Andreas},
 booktitle = {International Conference on Machine Learning},
 title = {Adversarial Variational {Bayes}: Unifying Variational Autoencoders and Generative Adversarial Networks},
 year = {2017}
}

@inproceedings{minka.expectation,
 IDS = {minka2013expectation},
 author = {Minka, Thomas P},
 booktitle = {Uncertainty in Artificial Intelligence},
 title = {Expectation propagation for approximate Bayesian inference},
 year = {2001}
}

@article{mirza.conditional,
 IDS = {mirza2014conditional},
 author = {Mirza, Mehdi and Osindero, Simon},
 journal = {arXiv},
 title = {Conditional generative adversarial nets},
 year = {2014}
}

@incollection{mishkin.fast,
 IDS = {NIPS2018_7862},
 author = {Mishkin, Aaron and Kunstner, Frederik and Nielsen, Didrik and Schmidt, Mark and Khan, Mohammad Emtiyaz},
 booktitle = {Advances in Neural Information Processing Systems 31},
 pages = {6245--6255},
 title = {SLANG: Fast Structured Covariance Approximations for {B}ayesian Deep Learning with Natural Gradient},
 year = {2018}
}

@article{mnih.human,
 IDS = {Mnih2015},
 author = {Mnih, Volodymyr and Kavukcuoglu, Koray and Silver, David and Rusu, Andrei A. and Veness, Joel and Bellemare, Marc G. and Graves, Alex and Riedmiller, Martin and Fidjeland, Andreas K. and Ostrovski, Georg and Petersen, Stig and Beattie, Charles and Sadik, Amir and Antonoglou, Ioannis and King, Helen and Kumaran, Dharshan and Wierstra, Daan and Legg, Shane and Hassabis, Demis},
 journal = {Nature},
 title = {Human-level control through deep reinforcement learning},
 year = {2015}
}

@article{muraro.single,
 IDS = {pancreascelseq},
 author = {Muraro, Mauro J and Dharmadhikari, Gitanjali and Gr{\"u}n, Dominic and Groen, Nathalie and Dielen, Tim and Jansen, Erik and van Gurp, Leon and Engelse, Marten A and Carlotti, Francoise and de Koning, Eelco JP and others},
 journal = {Cell systems},
 number = {4},
 pages = {385--394},
 title = {A single-cell transcriptome atlas of the human pancreas},
 volume = {3},
 year = {2016}
}

@book{murphy.machine,
 IDS = {Murphy:2012:MLP:2380985},
 author = {Murphy, Kevin P},
 isbn = {0262018020, 9780262018029},
 publisher = {The MIT Press},
 title = {{Machine Learning: A Probabilistic Perspective}},
 year = {2012}
}

@article{nakaya.systems,
 IDS = {Nakaya2011},
 author = {Nakaya, Helder I and Wrammert, Jens and Lee, Eva K and Racioppi, Luigi and Marie-Kunze, Stephanie and Haining, W Nicholas and Means, Anthony R and Kasturi, Sudhir P and Khan, Nooruddin and Li, Gui Mei and McCausland, Megan and Kanchan, Vibhu and Kokko, Kenneth E and Li, Shuzhao and Elbein, Rivka and Mehta, Aneesh K and Aderem, Alan and Subbarao, Kanta and Ahmed, Rafi and Pulendran, Bali},
 journal = {Nature Immunology},
 number = {8},
 pages = {786--795},
 pmid = {21743478},
 title = {{Systems biology of vaccination for seasonal influenza in humans}},
 volume = {12},
 year = {2011}
}

@article{neal.annealed,
 IDS = {neal2001annealed},
 author = {Neal, Radford M},
 journal = {Statistics and computing},
 title = {Annealed importance sampling},
 year = {2001}
}

@inproceedings{ng.on,
 IDS = {ng2002discriminative},
 author = {Ng, Andrew Y and Jordan, Michael I},
 booktitle = {Advances in Neural Information Processing Systems},
 title = {On discriminative vs. generative classifiers: A comparison of logistic regression and naive {Bayes}},
 year = {2002}
}

@article{novembre.genes,
 IDS = {Novembre2008},
 author = {Novembre, John and Johnson, Toby and Bryc, Katarzyna and Kutalik, Zolt\'{a}n and Boyko, Adam R. and Auton, Adam and Indap, Amit and King, Karen S. and Bergmann, Sven and Nelson, Matthew R. and Stephens, Matthew and Bustamante, Carlos D.},
 journal = {Nature},
 title = {Genes mirror geography within {Europe}},
 year = {2008}
}

@article{nygaard.methods,
 IDS = {batchfalsede},
 author = {Nygaard, Vegard
and R{\o}dland, Einar Andreas
and Hovig, Eivind},
 day = {13},
 doi = {10.1093/biostatistics/kxv027},
 issn = {1465-4644},
 journal = {Biostatistics},
 number = {1},
 pages = {29-39},
 title = {Methods that remove batch effects while retaining group differences may lead to exaggerated confidence in downstream analyses},
 volume = {17},
 year = {2016}
}

@inproceedings{osb.randomized,
 IDS = {NIPS2018_8080,Osband2018RandomizedLearning},
 author = {Osband, Ian and Aslanides, John and Cassirer, Albin},
 booktitle = {Advances in Neural Information Processing Systems},
 title = {Randomized prior functions for deep reinforcement learning},
 year = {2018}
}

@inproceedings{osokin.ns,
 IDS = {Osokin2017},
 author = {Osokin, Anton and Chessel, Anatole and Salas, Rafael E.Carazo and Vaggi, Federico},
 booktitle = {IEEE International Conference on Computer Vision},
 title = {{GANs} for Biological Image Synthesis},
 year = {2017}
}

@article{papatheodorou.expression,
 IDS = {papatheodorou2017expression},
 author = {Papatheodorou, Irene and Fonseca, Nuno A and Keays, Maria and Tang, Y Amy and Barrera, Elisabet and Bazant, Wojciech and Burke, Melissa and F{\"u}llgrabe, Anja and Fuentes, Alfonso Mu{\~n}oz-Pomer and George, Nancy and others},
 journal = {Nucleic acids research},
 number = {D1},
 pages = {D246--D251},
 title = {Expression Atlas: gene and protein expression across multiple studies and organisms},
 volume = {46},
 year = {2017}
}

@article{pascal.stacked,
 IDS = {Ca2010},
 author = {Pascal Vincent and Edu, Larocheh and Lajoie, Isabelle and Yoshua Bengio and Pierre-Antoine Manzagol},
 journal = {Journal of Machine Learning Research},
 title = {Stacked Denoising Autoencoders: Learning Useful Representations in a Deep Network with a Local Denoising Criterion},
 year = {2010}
}

@inproceedings{paszke.automatic,
 IDS = {paszke2017automatic},
 author = {Paszke, Adam and Gross, Sam and Chintala, Soumith and Chanan, Gregory and Yang, Edward and DeVito, Zachary and Lin, Zeming and Desmaison, Alban and Antiga, Luca and Lerer, Adam},
 booktitle = {NIPS Workshop Autodiff},
 title = {{Automatic differentiation in PyTorch}},
 year = {2017}
}

@article{patel.single,
 IDS = {Patel2014},
 author = {Patel, Anoop P and Tirosh, Itay and Trombetta, John J and Shalek, Alex K and Gillespie, Shawn M and Wakimoto, Hiroaki and Cahill, Daniel P and Nahed, Brian V and Curry, William T and Martuza, Robert L and Louis, David N and Rozenblatt-Rosen, Orit and Suv{\`{a}}, Mario L and Regev, Aviv and Bernstein, Bradley E},
 journal = {Science},
 number = {6190},
 pages = {1396--1401},
 publisher = {American Association for the Advancement of Science},
 title = {{Single-cell RNA-seq highlights intratumoral heterogeneity in primary glioblastoma}},
 volume = {344},
 year = {2014}
}

@book{pearl.causality,
 IDS = {pearl2009causality},
 author = {Pearl, Judea},
 publisher = {Cambridge University Press},
 title = {{Causality}},
 year = {2009}
}

@article{perezsuay.sensitivity,
 IDS = {Perez-Suay2018},
 author = {P{\'{e}}rez-Suay, Adri{\'{a}}n and Camps-Valls, Gustau},
 journal = {Applied Soft Computing Journal},
 title = {{Sensitivity maps of the Hilbert-Schmidt independence criterion}},
 year = {2018}
}

@article{peter.silhouettes,
 IDS = {ROUSSEEUW198753},
 author = {Peter J. Rousseeuw},
 journal = {Journal of Computational and Applied Mathematics},
 pages = {53--65},
 title = {Silhouettes: A graphical aid to the interpretation and validation of cluster analysis},
 volume = {20},
 year = {1987}
}

@inproceedings{peters.reinforcement,
 IDS = {Peters2007ReinforcementControl},
 author = {Peters, Jan and Schaal, Stefan},
 booktitle = {International Conference on Machine Learning},
 title = {Reinforcement learning by reward-weighted regression for operational space control},
 year = {2007}
}

@article{pfister.kernel,
 IDS = {Pfister2016},
 author = {Pfister Niklas and Bühlmann Peter and Schölkopf Bernhard and Peters Jonas},
 journal = {Journal of the Royal Statistical Society: Series B (Statistical Methodology)},
 number = {1},
 pages = {5-31},
 title = {Kernel-based tests for joint independence},
 volume = {80},
 year = {2017}
}

@article{picelli.full,
 IDS = {picelli2014SS2},
 author = {Picelli, Simone and Faridani, Omid R and Bj{\"o}rklund, {\AA}sa K and Winberg, G{\"o}sta and Sagasser, Sven and Sandberg, Rickard},
 journal = {Nature protocols},
 number = {1},
 pages = {171},
 title = {Full-length RNA-seq from single cells using Smart-seq2},
 volume = {9},
 year = {2014}
}

@article{pierson.dimensionality,
 IDS = {zifa},
 author = {Pierson, Emma and Yau, Christopher},
 journal = {Genome Biology},
 number = {1},
 pages = {241},
 title = {{ZIFA: Dimensionality reduction for zero-inflated single-cell gene expression analysis}},
 volume = {16},
 year = {2015}
}

@article{popova.deep,
 IDS = {Popova2018,Popovaeaap7885},
 author = {Popova, Mariya and Isayev, Olexandr and Tropsha, Alexander},
 journal = {Science Advances},
 title = {{Deep reinforcement learning for de novo drug design}},
 year = {2018}
}

@inproceedings{prabhakaran.dirichlet,
 IDS = {biscuit},
 author = {Prabhakaran, Sandhya and Azizi, Elham and Pe'er, Dana},
 booktitle = {International Conference on Machine Learning},
 title = {{Dirichlet process mixture model for correcting technical variation in single-cell gene expression data}},
 year = {2016}
}

@inproceedings{pradier.challenges,
 IDS = {cubo_challenges},
 author = {Pradier, Melanie F and Hughes, Michael C and Doshi-Velez, Finale},
 booktitle = {Symposium on Advances in Approximate Bayesian Inference},
 title = {Challenges in Computing and Optimizing Upper Bounds of Marginal Likelihood based on Chi-Square Divergences},
 year = {2019}
}

@inproceedings{pu.variational,
 IDS = {NIPS2016_6528},
 author = {Pu, Yunchen and Gan, Zhe and Henao, Ricardo and Yuan, Xin and Li, Chunyuan and Stevens, Andrew and Carin, Lawrence},
 booktitle = {Advances in Neural Information Processing Systems},
 title = {Variational autoencoder for deep learning of images, labels and captions},
 year = {2016}
}

@article{qiu.deep,
 IDS = {Qiu2018},
 author = {Qiu, Yeping Lina and Zheng, Hong and Gavaert, Olivier},
 journal = {bioRxiv},
 title = {{A deep learning framework for imputing missing values in genomic data}},
 year = {2018}
}

@article{qiu.single,
 IDS = {Qiu2017},
 author = {Qiu, Xiaojie and Hill, Andrew and Packer, Jonathan and Lin, Dejun and Ma, Yi An and Trapnell, Cole},
 journal = {Nature Methods},
 number = {3},
 pages = {309--315},
 title = {{Single-cell mRNA quantification and differential analysis with Census}},
 volume = {14},
 year = {2017}
}

@article{tabula2018single,
 IDS = {quake2018single},
  title={Single-cell transcriptomics of 20 mouse organs creates a Tabula Muris},
  author={Tabula Muris Consortium and others},
  journal={Nature},
  volume={562},
  number={7727},
  pages={367--372},
  year={2018}
}

@article{ballestar2020single,
  title={Single cell profiling of COVID-19 patients: an international data resource from multiple tissues},
  author={Ballestar, Esteban and Farber, Donna L and Glover, Sarah and Horwitz, Bruce and Meyer, Kerstin and Nikolic, Marko and Ordovas-Montanes, Jose and Sims, Peter A and Shalek, Alex K and Vandamme, Niels and others},
  journal={medRxiv},
  year={2020},
  publisher={Cold Spring Harbor Laboratory Press}
}

@article{quinn2021single,
  title={Single-cell lineages reveal the rates, routes, and drivers of metastasis in cancer xenografts},
  author={Quinn, Jeffrey J and Jones, Matthew G and Okimoto, Ross A and Nanjo, Shigeki and Chan, Michelle M and Yosef, Nir and Bivona, Trever G and Weissman, Jonathan S},
  journal={Science},
  volume={371},
  number={6532},
  year={2021},
  publisher={American Association for the Advancement of Science}
}

@article{lopez2020enhancing,
  title={Enhancing scientific discoveries in molecular biology with deep generative models},
  author={Lopez, Romain and Gayoso, Adam and Yosef, Nir},
  journal={Molecular Systems Biology},
  volume={16},
  number={9},
  pages={e9198},
  year={2020}
}

@inproceedings{radford.unsupervised,
 IDS = {Radford2016,radford2015unsupervised},
 author = {Radford, Alec and Metz, Luke and Chintala, Soumith},
 booktitle = {International Conference on Learning Representations},
 title = {Unsupervised representation learning with deep convolutional generative adversarial networks},
 year = {2016}
}

@inproceedings{rainforth.tighter,
 IDS = {rainforth2018tighter},
 author = {Rainforth, Tom and Kosiorek, Adam and Le, Tuan Anh and Maddison, Chris and Igl, Maximilian and Wood, Frank and Teh, Yee Whye},
 booktitle = {International Conference on Machine Learning},
 title = {Tighter variational bounds are not necessarily better},
 year = {2018}
}

@article{rajkomar.scalable,
 IDS = {Rajkomar2018},
 author = {Rajkomar, Alvin and Oren, Eyal and Chen, Kai and Dai, Andrew M. and Hajaj, Nissan and Hardt, Michaela and Liu, Peter J. and Liu, Xiaobing and Marcus, Jake and Sun, Mimi and Sundberg, Patrik and Yee, Hector and Zhang, Kun and Zhang, Yi and Flores, Gerardo and Duggan, Gavin E. and Irvine, Jamie and Le, Quoc and Litsch, Kurt and Mossin, Alexander and Tansuwan, Justin and Wang, De and Wexler, James and Wilson, Jimbo and Ludwig, Dana and Volchenboum, Samuel L. and Chou, Katherine and Pearson, Michael and Madabushi, Srinivasan and Shah, Nigam H. and Butte, Atul J. and Howell, Michael D. and Cui, Claire and Corrado, Greg S. and Dean, Jeffrey},
 journal = {npj Digital Medicine},
 title = {{Scalable and accurate deep learning with electronic health records}},
 year = {2018}
}

@article{rampavsek.dr,
 IDS = {Rampasek2019},
 author = {Ramp{\'{a}}{\v{s}}ek, Ladislav and Hidru, Daniel and Smirnov, Petr and Haibe-Kains, Benjamin and Goldenberg, Anna},
 journal = {Bioinformatics},
 title = {{Dr.VAE}: Improving drug response prediction via modeling of drug perturbation effects},
 year = {2019}
}

@inproceedings{rao.evaluating,
 IDS = {Rao2019},
 author = {Rao, Roshan and Bhattacharya, Nicholas and Thomas, Neil and Duan, Yan and Chen, Xi and Canny, John and Abbeel, Pieter and Song, Yun S},
 booktitle = {Advances in Neural Information Processing Systems},
 title = {Evaluating protein transfer learning with {TAPE}},
 year = {2019}
}

@article{rashid.dhaka,
 IDS = {Rashid2019},
 author = {Rashid, Sabrina and Shah, Sohrab and Bar-Joseph, Ziv and Pandya, Ravi},
 journal = {Bioinformatics},
 title = {Dhaka: Variational Autoencoder for Unmasking Tumor Heterogeneity from Single Cell Genomic Data},
 year = {2019}
}

@inproceedings{rasmus.semi,
 IDS = {rasmus2015semi},
 author = {Rasmus, Antti and Berglund, Mathias and Honkala, Mikko and Valpola, Harri and Raiko, Tapani},
 booktitle = {Advances in neural information processing systems},
 pages = {3546--3554},
 title = {Semi-supervised learning with ladder networks},
 year = {2015}
}

@inproceedings{ravanbakhsh.enabling,
 IDS = {AAAI1714765},
 author = {Ravanbakhsh, Siamak and Lanusse, Francois and Mandelbaum, Rachel and Schneider, Jeff and Poczos, Barnabas},
 booktitle = {AAAI Conference on Artificial Intelligence},
 title = {Enabling dark energy science with deep generative models of galaxy images},
 year = {2017}
}

@article{regev.science,
 IDS = {regev2017science, HCA,Regev2017, regev.the},
 author = {Regev, Aviv and Teichmann, Sarah A and Lander, Eric S and Amit, Ido and Benoist, Christophe and Birney, Ewan and Bodenmiller, Bernd and Campbell, Peter and Carninci, Piero and Clatworthy, Menna and others},
 journal = {Elife},
 title = {Science forum: the human cell atlas},
 year = {2017}
}

@article{regli.alpha,
 IDS = {Regli2018},
 author = {Regli, Jean-Baptiste and Silva, Ricardo},
 journal = {arXiv},
 title = {{Alpha-Beta Divergence For Variational Inference}},
 year = {2018}
}

@inproceedings{rezende.stochastic,
 IDS = {Rezende2014},
 author = {Rezende, Danilo Jimenez and Mohamed, Shakir and Wierstra, Daan},
 booktitle = {International Conference on Machine Learning},
 title = {Stochastic backpropagation and approximate inference in deep generative models},
 year = {2014}
}

@article{riesselman.deep,
 IDS = {DeepSequence,Riesselman2018},
 author = {Riesselman, Adam J. and Ingraham, John B. and Marks, Debora S.},
 journal = {Nature Methods},
 title = {{Deep generative models of genetic variation capture the effects of mutations}},
 year = {2018}
}

@article{risso.general,
 IDS = {Risso2018,zinbwave,Risso2017},
 author = {Risso, Davide and Perraudeau, Fanny and Gribkova, Svetlana and Dudoit, Sandrine and Vert, Jean Philippe},
 journal = {Nature Communications},
 title = {{A general and flexible method for signal extraction from single-cell RNA-seq data}},
 year = {2018}
}

@article{risso.normalization,
 IDS = {Risso2014a},
 author = {Risso, Davide and Ngai, John and Speed, Terence P and Dudoit, Sandrine},
 journal = {Nature Biotechnology},
 title = {{Normalization of RNA-seq data using factor analysis of control genes or samples}},
 year = {2014}
}

@article{ritchie.limma,
 IDS = {limma},
 author = {Ritchie, Matthew E.
and Phipson, Belinda
and Wu, Di
and Hu, Yifang
and Law, Charity W.
and Shi, Wei
and Smyth, Gordon K.},
 day = {20},
 issn = {0305-1048},
 journal = {Nucleic Acids Res},
 number = {7},
 pages = {e47-e47},
 title = {Limma powers differential expression analyses for RNA-sequencing and microarray studies},
 volume = {43},
 year = {2015}
}

@article{robinson.edge,
 IDS = {edgeR},
 author = {Robinson, Mark D. and McCarthy, Davis J. and Smyth, Gordon K.},
 day = {01},
 journal = {Bioinformatics},
 number = {1},
 pages = {139--140},
 title = {{edgeR}: A bioconductor package for differential expression analysis of digital gene expression data},
 volume = {26},
 year = {2010}
}

@article {totalvi,
	author = {Gayoso, Adam and Steier, Zo{\"e} and Lopez, Romain and Regier, Jeffrey and Nazor, Kristopher L and Streets, Aaron and Yosef, Nir},
	title = {Joint probabilistic modeling of single-cell multi-omic data with totalVI},
	year = {2021},
	journal = {Nature Methods}
}

@inproceedings{romain.decision,
 IDS = {sbVAE},
 author = {Romain Lopez and Pierre Boyeau and Nir Yosef and Michael I. Jordan and Jeffrey Regier},
 booktitle = {Neural Information Processing Systems},
 title = {Decision-making with auto-encoding variational Bayes},
 year = {2020}
}

@inproceedings{romain.joint,
 IDS = {DBLP:journals/corr/abs-1905-02269},
 author = {Romain Lopez and
Achille Nazaret and
Maxime Langevin and
Jules Samaran and
Jeffrey Regier and
Michael I. Jordan and
Nir Yosef},
 booktitle = {ICML Workshop on Computational Biology},
 title = {A joint model of unpaired data from scRNA-seq and spatial transcriptomics
for imputing missing gene expression measurements},
 year = {2019}
}

@inproceedings{roth.stabilizing,
 IDS = {roth2017stabilizing},
 author = {Roth, Kevin and Lucchi, Aurelien and Nowozin, Sebastian and Hofmann, Thomas},
 booktitle = {Advances in neural information processing systems},
 pages = {2018--2028},
 title = {Stabilizing training of generative adversarial networks through regularization},
 year = {2017}
}

@article{rubin.bayesianly,
 IDS = {rubin1984bayesianly},
 author = {Rubin, Donald B},
 journal = {The Annals of Statistics},
 title = {Bayesianly justifiable and relevant frequency calculations for the applied statistician},
 year = {1984}
}

@inproceedings{ruiz.the,
 IDS = {Ruiz2016},
 author = {Ruiz, Francisco J R and Titsias, Michalis K and Blei, David M},
 booktitle = {Advances in Neural Information Processing Systems},
 title = {The generalized reparameterization gradient},
 year = {2016}
}

@article{sakaya.importance,
 IDS = {Sakaya2017},
 author = {Sakaya, Joseph and Klami, Arto},
 journal = {33rd Conference on Uncertainty in Artificial Intelligence},
 title = {{Importance Sampled Stochastic Optimization for Variational Inference}},
 year = {2017}
}

@inproceedings{salakhutdinov.efficient,
 IDS = {salakhutdinov2010efficient},
 author = {Salakhutdinov, Ruslan and Larochelle, Hugo},
 booktitle = {International Conference on Artificial Intelligence and Statistics},
 pages = {693--700},
 title = {Efficient learning of deep Boltzmann machines},
 year = {2010}
}

@article{sanchezlengeling.inverse,
 IDS = {Sanchez-Lengeling2018},
 author = {Sanchez-Lengeling, Benjamin and Aspuru-Guzik, Al\'{a}n},
 journal = {Science},
 title = {Inverse molecular design using machine learning: Generative models for matter engineering},
 year = {2018}
}

@article{sanchezlengeling.optimizing,
 IDS = {Sanchez-Lengeling2017},
 author = {Sanchez-Lengeling, Benjamin and Outeiral, Carlos and Guimaraes, Gabriel L. and Aspuru-Guzik, Al\'{a}n},
 journal = {ChemRxiv},
 title = {Optimizing distributions over molecular space: an objective-reinforced generative adversarial network for inverse-design chemistry ({ORGANIC})},
 year = {2017}
}

@article{schafflick.integrated,
 IDS = {schafflick2019ms},
 author = {Schafflick, David and Antelope, Chenling Xu and Hartlehnert, Maike and Cole, Michael and Lautwein, Tobias and Schulte-Mecklenbeck, Andreas and Wolbert, Jolien and Heming, Michael O and Meuth, Sven G and Kuhlmann, Tanja and others},
 journal = {Nature Communications},
 pages = {403527},
 publisher = {Cold Spring Harbor Laboratory},
 title = {Integrated single cell analysis of blood and cerebrospinal fluid leukocytes in multiple sclerosis},
 year = {2020}
}

@article{schmidhuber.learning,
 IDS = {doi:10.1162/neco.1992.4.6.863},
 author = {Schmidhuber, J{\"{u}}rgen},
 journal = {Neural Computation},
 number = {6},
 pages = {863-879},
 title = {Learning factorial codes by predictability minimization},
 volume = {4},
 year = {1992}
}

@article{schneider.rethinking,
 IDS = {schneider2019rethinking},
 author = {Schneider, Petra and Walters, W Patrick and Plowright, Alleyn T and Sieroka, Norman and Listgarten, Jennifer and Goodnow, Robert A and Fisher, Jasmin and Jansen, Johanna M and Duca, Jos{\'e} S and Rush, Thomas S and others},
 journal = {Nature Reviews Drug Discovery},
 title = {Rethinking drug design in the artificial intelligence era},
 year = {2019}
}

@article{semrau.dynamics,
 IDS = {Semrau2017},
 author = {Semrau, Stefan and Goldmann, Johanna E and Soumillon, Magali and Mikkelsen, Tarjei S and Jaenisch, Rudolf and {Van Oudenaarden}, Alexander},
 journal = {Nature Communications},
 number = {1},
 pages = {1096},
 title = {{Dynamics of lineage commitment revealed by single-cell transcriptomics of differentiating embryonic stem cells}},
 volume = {8},
 year = {2017}
}

@article{shaham.removal,
 IDS = {resnetbatcheffect,shaham2017removal},
 author = {Shaham, Uri and Stanton, Kelly P. and Zhao, Jun and Li, Huamin and Raddassi, Khadir and Montgomery, Ruth and Kluger, Yuval},
 journal = {Bioinformatics},
 number = {16},
 pages = {2539--2546},
 title = {Removal of batch effects using distribution-matching residual networks},
 volume = {33},
 year = {2017}
}

@article{shekhar.comprehensive,
 IDS = {bipolar},
 author = {Shekhar, Karthik and Lapan, Sylvain W. and Whitney, Irene E. and Tran, Nicholas M. and others},
 journal = {Cell},
 number = {5},
 pages = {1308--1323},
 publisher = {Elsevier},
 title = {Comprehensive classification of retinal bipolar neurons by single-cell transcriptomics},
 volume = {166},
 year = {2017}
}

@incollection{shu.amortized,
 IDS = {NIPS2018_7692},
 author = {Shu, Rui and Bui, Hung H and Zhao, Shengjia and Kochenderfer, Mykel J and Ermon, Stefano},
 booktitle = {Advances in Neural Information Processing Systems 31},
 editor = {S. Bengio and H. Wallach and H. Larochelle and K. Grauman and N. Cesa-Bianchi and R. Garnett},
 pages = {4393--4402},
 publisher = {Curran Associates, Inc.},
 title = {Amortized inference regularization},
 year = {2018}
}

@inproceedings{siddharth.learning,
 IDS = {siddharth2017learning},
 author = {Siddharth, Narayanaswamy and Paige, Brooks and Van de Meent, Jan-Willem and Desmaison, Alban and Goodman, Noah and Kohli, Pushmeet and Wood, Frank and Torr, Philip},
 booktitle = {Advances in Neural Information Processing Systems},
 title = {Learning disentangled representations with semi-supervised deep generative models},
 year = {2017}
}

@article{simon.driv,
 IDS = {Simon864165},
 author = {Simon, Lukas M and Yan, Fangfang and Zhao, Zhongming},
 journal = {bioRxiv},
 title = {{DrivAER}: Identification of driving transcriptional programs in single-cell {RNA} sequencing data},
 year = {2019}
}

@inproceedings{sohn.learning,
 IDS = {Sohn2015,NIPS2015_5775},
 author = {Sohn, Kihyuk and Lee, Honglak and Yan, Xinchen},
 booktitle = {Advances in Neural Information Processing Systems},
 title = {Learning structured output representation using deep conditional generative models},
 year = {2015}
}


@article{soneson.bias,
 IDS = {soneson2018bias},
 author = {Soneson, Charlotte and Robinson, Mark D},
 journal = {Nature Methods},
 title = {Bias, robustness and scalability in single-cell differential expression analysis},
 year = {2018}
}

@article{srivastava.dropout,
 IDS = {Srivastava2014},
 author = {Srivastava, Nitish and Hinton, Geoffrey and Krizhevsky, Alex and Salakhutdinov, Ruslan},
 journal = {Journal of Machine Learning Research},
 title = {Dropout: A simple way to prevent neural networks from overfitting},
 year = {2014}
}

@article{stoeckius.simultaneous,
 IDS = {stoeckius2017simultaneous,Stoeckius2017},
 author = {Stoeckius, Marlon and Hafemeister, Christoph and Stephenson, William and Houck-Loomis, Brian and Chattopadhyay, Pratip K and Swerdlow, Harold and Satija, Rahul and Smibert, Peter},
 journal = {Nature Methods},
 number = {9},
 pages = {865},
 title = {Simultaneous epitope and transcriptome measurement in single cells},
 volume = {14},
 year = {2017}
}

@article{stuart.comprehensive,
 IDS = {SEURAT3},
 author = {Stuart, Tim and Butler, Andrew and Hoffman, Paul and Hafemeister, Christoph and Papalexi, Efthymia and Mauck III, William M and Hao, Yuhan and Stoeckius, Marlon and Smibert, Peter and Satija, Rahul},
 journal = {Cell},
 title = {Comprehensive integration of single-cell data},
 year = {2019}
}

@article{stubbington.single,
 IDS = {Stubbington2017},
 author = {Stubbington, Michael J T and Rozenblatt-Rosen, Orit and Regev, Aviv and Teichmann, Sarah A},
 journal = {Science},
 month = {oct},
 number = {6359},
 pages = {58--63},
 publisher = {American Association for the Advancement of Science},
 title = {{Single-cell transcriptomics to explore the immune system in health and disease}},
 volume = {358},
 year = {2017}
}

@article{subramanian.next,
 IDS = {Subramanian2017},
 author = {Subramanian, Aravind and Narayan, Rajiv and Corsello, Steven M. and Peck, David D. and Natoli, Ted E. and Lu, Xiaodong and Gould, Joshua and Davis, John F. and Tubelli, Andrew A. and Asiedu, Jacob K. and Lahr, David L. and Hirschman, Jodi E. and Liu, Zihan and Donahue, Melanie and Julian, Bina and Khan, Mariya and Wadden, David and Smith, Ian C. and Lam, Daniel and Liberzon, Arthur and Toder, Courtney and Bagul, Mukta and Orzechowski, Marek and Enache, Oana M. and Piccioni, Federica and Johnson, Sarah A. and Lyons, Nicholas J. and Berger, Alice H. and Shamji, Alykhan F. and Brooks, Angela N. and Vrcic, Anita and Flynn, Corey and Rosains, Jacqueline and Takeda, David Y. and Hu, Roger and Davison, Desiree and Lamb, Justin and Ardlie, Kristin and Hogstrom, Larson and Greenside, Peyton and Gray, Nathanael S. and Clemons, Paul A. and Silver, Serena and Wu, Xiaoyun and Zhao, Wen-Ning and Read-Button, Willis and Wu, Xiaohua and Haggarty, Stephen J. and Ronco, Lucienne V. and Boehm, Jesse S. and Schreiber, Stuart L. and Doench, John G. and Bittker, Joshua A. and Root, David E. and Wong, Bang and Golub, Todd R.},
 journal = {Cell},
 title = {A Next Generation Connectivity Map: {L1000} Platform and the First 1,000,000 Profiles},
 year = {2017}
}

@article{sugiyama.density,
 IDS = {Sugiyama2012},
 author = {Sugiyama, Masashi and Suzuki, Taiji and Kanamori, Takafumi},
 journal = {Annals of the Institute of Statistical Mathematics},
 title = {Density-ratio matching under the {Bregman} divergence: a unified framework of density-ratio estimation},
 year = {2012}
}

@inproceedings{sun.return,
 IDS = {sun2016return},
 author = {Sun, Baochen and Feng, Jiashi and Saenko, Kate},
 booktitle = {AAAI Conference on Artificial Intelligence},
 title = {Return of frustratingly easy domain adaptation},
 year = {2016}
}

@article{svensson.droplet,
 IDS = {svensson2019droplet,Svensson2019},
 author = {Svensson, Valentine},
 doi = {10.1101/582064},
 journal = {Nature Biotechnology},
 title = {{Droplet scRNA-seq is not zero-inflated}},
 year = {2020}
}

@article{svensson.interpretable,
 IDS = {Svensson737601},
 author = {Svensson, Valentine and Gayoso, Adam and Yosef, Nir and Pachter, Lior},
 journal = {Bioinformatics},
 title = {Interpretable factor models of single-cell {RNA}-seq via variational autoencoders},
 year = {2020}
}

@inproceedings{t.frustratingly,
 IDS = {6751221},
 author = {T. {Tommasi} and B. {Caputo}},
 booktitle = {IEEE International Conference on Computer Vision},
 title = {Frustratingly easy NBNN domain adaptation},
 year = {2013}
}

@article{tanay.scaling,
 IDS = {Tanay2017,tanay2017scaling},
 author = {Tanay, Amos and Regev, Aviv},
 journal = {Nature},
 title = {{Scaling single-cell genomics from phenomenology to mechanism}},
 year = {2017}
}

@incollection{teh.collapsed,
 IDS = {NIPS2006_3113},
 author = {Teh, Yee W and Newman, David and Welling, Max},
 booktitle = {Advances in Neural Information Processing Systems},
 title = {{A Collapsed variational Bayesian inference algorithm for latent Dirichlet allocation}},
 year = {2007}
}

@article{the.theano,
 IDS = {TheTheanoDevelopmentTeam2016},
 author = {{The Theano Development Team}},
 journal = {arXiv},
 title = {{Theano}: A {Python} framework for fast computation of mathematical expressions},
 year = {2016}
}

@inproceedings{theis.note,
 IDS = {Theis2016},
 author = {Theis, Lucas and van den Oord, Aäron and Bethge, Matthias},
 booktitle = {International Conference on Learning Representations},
 title = {{A note on the evaluation of generative models}},
 year = {2016}
}

@inproceedings{tian.isolating,
 IDS = {betatcVAE},
 author = {Tian Qi Chen and Xuechen Li and Roger Grosse and David Duvenaud},
 booktitle = {International Conference on Learning Representations: Workshop Track},
 title = {Isolating sources of disentanglement in variational autoencoders},
 year = {2018}
}

@article{tipping.probabilistic,
 IDS = {tipping1999probabilistic},
 author = {Tipping, Michael E and Bishop, Christopher M},
 journal = {Journal of the Royal Statistical Society: Series B (Statistical Methodology)},
 title = {Probabilistic principal component analysis},
 year = {1999}
}

@article{townes.feature,
 IDS = {townes2019feature},
 author = {Townes, F William and Hicks, Stephanie C and Aryee, Martin J and Irizarry, Rafael A},
 journal = {Genome biology},
 title = {Feature selection and dimension reduction for single-cell {RNA-Seq} based on a multinomial model},
 year = {2019}
}

@inproceedings{tran.deep,
 IDS = {Tran2017},
  author={Tran, Dustin and Hoffman, Matthew D and Saurous, Rif A and Brevdo, Eugene and Murphy, Kevin and Blei, David M},
 booktitle = {International Conference on Learning Representations},
 title = {Deep probabilistic programming},
 year = {2017}
}

@inproceedings{tran.hierarchical,
 IDS = {Tran2017a},
 author = {Tran, Dustin and Ranganath, Rajesh and Blei, David M},
 booktitle = {Advances in Neural Information Processing Systems},
 title = {Hierarchical implicit models and likelihood-free variational inference},
 year = {2017}
}

@inproceedings{tran.implicit,
 IDS = {Tran2018a},
 author = {Tran, Dustin and Blei, David M},
 booktitle = {International Conference on Learning Representations},
 title = {Implicit causal models for genome-wide association studies},
 year = {2018}
}

@misc{transcription,
 IDS = {MTAB},
 title = {Transcription profiling by high throughput sequencing of murine hematopoietic progenitors and lineage cells},
 url = {https://www.ebi.ac.uk/gxa/experiments/E-MTAB-3079/Results}
}

@techreport{turner.two,
 IDS = {Turner2011},
 author = {Turner, Richard Eric and Sahani, Maneesh},
 institution = {{Gatsby Computational Neuroscience Unit}},
 title = {{Two problems with variational expectation maximisation for time-series models}},
 year = {2011}
}

@article{tusi.population,
 IDS = {Tusi2018},
 author = {Tusi, Betsabeh Khoramian and Wolock, Samuel L. and Weinreb, Caleb and Hwang, Yung and Hidalgo, Daniel and Zilionis, Rapolas and Waisman, Ari and Huh, Jun R. and Klein, Allon M. and Socolovsky, Merav},
 journal = {Nature},
 number = {7694},
 pages = {54--60},
 title = {{Population snapshots predict early haematopoietic and erythroid hierarchies}},
 volume = {555},
 year = {2018}
}

@article{vallejos.normalizing,
 IDS = {vallejos2017normalizing,vallejos2017norm},
 author = {Vallejos, Catalina A and Risso, Davide and Scialdone, Antonio and Dudoit, Sandrine and Marioni, John C},
 journal = {Nature Methods},
 title = {Normalizing single-cell {RNA} sequencing data: challenges and opportunities},
 year = {2017}
}

@article{vallejos.si,
 IDS = {basics},
 author = {Vallejos, Catalina A and Marioni, John C and Richardson, Sylvia},
 journal = {PLoS Computational Biology},
 number = {6},
 pages = {1--18},
 publisher = {Public Library of Science},
 title = {{BASiCS: Bayesian} analysis of single-cell sequencing data},
 volume = {11},
 year = {2015}
}

@article{vandermaaten.visualizing,
 IDS = {Hinton2008,VanDerMaaten2008VisualizingT-SNE,vanDerMaaten2008},
 author = {Van Der Maaten, Laurens and Hinton, Geoffrey},
 issn = {1533-7928},
 journal = {Journal of Machine Learning Research},
 keywords = {Dimensionality reduction, Embedding algorithms, Manifold learning, Multidimensional scaling, Visualization},
 title = {{Visualizing data using t-SNE}},
 year = {2008}
}

@article{vandijk.diffusion,
 IDS = {magic},
 title = {Recovering Gene Interactions from Single-Cell Data Using Data Diffusion},
 journal = {Cell},
 author = {David {van Dijk} and Roshan Sharma and Juozas Nainys and Kristina Yim and Pooja Kathail and Ambrose J. Carr and Cassandra Burdziak and Kevin R. Moon and Christine L. Chaffer and Diwakar Pattabiraman and Brian Bierie and Linas Mazutis and Guy Wolf and Smita Krishnaswamy and Dana Pe’er},
 year = {2018}
}

@article{vandijk.recovering,
 IDS = {vanDijk2018RecoveringDiffusion},
 author = {van Dijk, David and Sharma, Roshan and Nainys, Juozas and Yim, Kristina and Kathail, Pooja and Carr, Ambrose J. and Burdziak, Cassandra and Moon, Kevin R. and Chaffer, Christine L. and Pattabiraman, Diwakar and Bierie, Brian and Mazutis, Linas and Wolf, Guy and Krishnaswamy, Smita and Pe'er, Dana},
 doi = {10.1016/j.cell.2018.05.061},
 issn = {00928674},
 journal = {Cell},
 keywords = {EMT, imputation, manifold learning, regulatory networks, single-cell RNA sequencing},
 month = {7},
 number = {3},
 pages = {716--729},
 pmid = {29961576},
 title = {{Recovering Gene Interactions from Single-Cell Data Using Data Diffusion}},
 url = {http://www.ncbi.nlm.nih.gov/pubmed/29961576 https://linkinghub.elsevier.com/retrieve/pii/S0092867418307244},
 volume = {174},
 year = {2018}
}

@inproceedings{veach.optimally,
 IDS = {veach1995optimally},
 author = {Veach, Eric and Guibas, Leonidas J},
 booktitle = {Annual Conference on Computer Graphics and Interactive Techniques},
 title = {Optimally combining sampling techniques for Monte Carlo rendering},
 year = {1995}
}

@article{vieth.powsim,
 IDS = {vieth2017powsimr},
 author = {Vieth, Beate and Ziegenhain, Christoph and Parekh, Swati and Enard, Wolfgang and Hellmann, Ines},
 journal = {Bioinformatics},
 number = {21},
 pages = {3486--3488},
 publisher = {Oxford University Press},
 title = {powsimR: power analysis for bulk and single cell RNA-seq experiments},
 volume = {33},
 year = {2017}
}

@inproceedings{vikram.the,
 IDS = {pmlr-v89-vikram19a},
 author = {Vikram, Sharad and Hoffman, Matthew D. and Johnson, Matthew J.},
 booktitle = {Proceedings of Machine Learning Research},
 title = {The {LORACs} Prior for {VAEs}: Letting the Trees Speak for the Data},
 year = {2019}
}

@article{vincent.stacked,
 IDS = {VincentPASCALVINCENT2010,denoisingAE},
 author = {Vincent, Pascal and Larochelle, Hugo and Lajoie, Isabelle and Bengio, Yoshua and Manzagol, Pierre-Antoine},
 journal = {Journal of Machine Learning Research},
 number = {Dec},
 pages = {3371--3408},
 title = {Stacked denoising autoencoders: Learning useful representations in a deep network with a local denoising criterion},
 volume = {11},
 year = {2010}
}

@article{wagner.moana,
 IDS = {Moana},
 author = {Wagner, Florian and Yanai, Itai},
 doi = {10.1101/456129},
 journal = {bioRxiv},
 title = {{Moana: A robust and scalable cell type classification framework for single-cell RNA-seq data}},
 year = {2018}
}

@article{wagner.revealing,
 IDS = {Wagner2016,wagner2016revealing},
 author = {Wagner, Allon and Regev, Aviv and Yosef, Nir},
 journal = {Nature Biotechnology},
 title = {Revealing the vectors of cellular identity with single-cell genomics},
 year = {2016}
}

@article{wainberg.deep,
 IDS = {Wainberg2018},
 author = {Wainberg, Michael and Merico, Daniele and Delong, Andrew and Frey, Brendan J},
 journal = {Nature Biotechnology},
 title = {{Deep learning in biomedicine}},
 year = {2018}
}

@book{wainwright.graphical,
 IDS = {Wainwright:2008:GME:1498840.1498841,wainwright2008graphical},
 author = {Wainwright, Martin J and Jordan, Michael I},
 publisher = {Foundation and Trends in Machine Learning},
 title = {{Graphical Models, Exponential Families, and Variational Inference}},
 year = {2008}
}

@book{wainwright.high,
 IDS = {wainwright_2019},
 author = {Wainwright, Martin J.},
 publisher = {Cambridge University Press},
 title = {High-Dimensional Statistics: A Non-Asymptotic Viewpoint},
 year = {2019}
}

@inproceedings{wallach.evaluation,
 IDS = {wallach2009evaluation},
 author = {Wallach, Hanna M and Murray, Iain and Salakhutdinov, Ruslan and Mimno, David},
 booktitle = {International Conference on Machine Learning},
 title = {Evaluation methods for topic models},
 year = {2009}
}

@article{wang.conditional,
 IDS = {Wang2018a},
 author = {Wang, Xiaoqian and Ghasedi Dizaji, Kamran and Huang, Heng},
 journal = {Bioinformatics},
 title = {{Conditional generative adversarial network for gene expression inference}},
 year = {2018}
}

@article{wang.dimension,
 IDS = {VASC,Wang2018},
 author = {Wang, Dongfang and Gu, Jin},
 journal = {Genomics, Proteomics and Bioinformatics},
 title = {{VASC}: dimension reduction and visualization of single-cell {RNA}-seq data by deep variational autoencoder},
 year = {2018}
}

@inproceedings{wang.variational,
 IDS = {NIPS2018_7816},
 author = {Wang, Dilin and Liu, Hao and Liu, Qiang},
 booktitle = {Advances in Neural Information Processing Systems},
 title = {Variational Inference with Tail-adaptive f-Divergence},
 year = {2018}
}

@article{wang.visualization,
 IDS = {Wang2017},
 author = {Wang, Bo and Zhu, Junjie and Pierson, Emma and Ramazzotti, Daniele and Batzoglou, Serafim},
 journal = {Nature Methods},
 number = {4},
 pages = {414--416},
 pmid = {28263960},
 title = {{Visualization and analysis of single-cell RNA-seq data by kernel-based similarity learning}},
 volume = {14},
 year = {2017}
}

@article{watanabe.information,
 IDS = {Watanabe},
 author = {Watanabe, Satosi},
 journal = {IBM Journal of Research and Development},
 number = {1},
 pages = {66--82},
 title = {Information theoretical analysis of multivariate correlation},
 volume = {4},
 year = {1960}
}

@article{way.bayesian,
 IDS = {Way2018},
 author = {Way, Gregory P. and Greene, Casey S.},
 doi = {10.1038/s41592-018-0230-9},
 issn = {1548-7091},
 journal = {Nature Methods},
 keywords = {Gene expression, Machine learning, RNA sequencing, Software},
 month = {12},
 number = {12},
 pages = {1009--1010},
 publisher = {Nature Publishing Group},
 title = {{Bayesian deep learning for single-cell analysis}},
 url = {http://www.nature.com/articles/s41592-018-0230-9},
 volume = {15},
 year = {2018}
}

@inproceedings{way.extracting,
 IDS = {Way2017},
 author = {Way, Gregory P. and Greene, Casey S.},
 booktitle = {Pacific Symposium on Biocomputing},
 title = {{Extracting a biologically relevant latent space from cancer transcriptomes with variational autoencoders}},
 year = {2018}
}

@inproceedings{wehrmann.hierarchical,
 IDS = {pmlr-v80-wehrmann18a},
 author = {Wehrmann, Jonatas and Cerri, Ricardo and Barros, Rodrigo},
 booktitle = {International Conference on Machine Learning},
 pages = {5075--5084},
 title = {Hierarchical multi-label classification networks},
 volume = {80},
 year = {2018}
}

@article{weinreb.fundamental,
 IDS = {Weinreb2018},
 author = {Weinreb, Caleb and Wolock, Samuel and Tusi, Betsabeh K and Socolovsky, Merav and Klein, Allon M},
 journal = {Proceedings of the National Academy of Sciences},
 month = {2},
 pages = {E2467--E2476},
 title = {{Fundamental limits on dynamic inference from single-cell snapshots}},
 volume = {115},
 year = {2018}
}

@article{weinreb.lineage,
 IDS = {Weinreb467886},
 author = {Weinreb, Caleb and Rodriguez-Fraticelli, Alejo E and Camargo, Fernando D and Klein, Allon M},
 doi = {10.1101/467886},
 journal = {Science},
 title = {Lineage tracing on transcriptional landscapes links state to fate during differentiation},
 year = {2020}
}

@article{welch.single,
 IDS = {LIGER},
 author = {Welch, Joshua D and Kozareva, Velina and Ferreira, Ashley and Vanderburg, Charles and Martin, Carly and Macosko, Evan Z},
 journal = {Cell},
 title = {Single-cell multi-omic integration compares and contrasts features of brain cell identity},
 year = {2019}
}

@article{wen.boosting,
 IDS = {boost},
 author = {Wen, Lu
and Tang, Fuchou},
 day = {09},
 journal = {Nature Biotechnology},
 pages = {408},
 title = {Boosting the power of single-cell analysis},
 volume = {36},
 year = {2018}
}

@article{wolf.large,
 IDS = {Wolf2018},
 author = {Wolf, F. Alexander and Angerer, Philipp and Theis, Fabian J.},
 journal = {Genome Biology},
 pages = {15},
 publisher = {BioMed Central},
 title = {{SCANPY: Large-scale single-cell gene expression data analysis}},
 volume = {19},
 year = {2018}
}

@inproceedings{wu.generalization,
 IDS = {wu2019generalization},
 author = {Wu, Bingzhe and Zhao, Shiwan and Chen, ChaoChao and Xu, Haoyang and Wang, Li and Zhang, Xiaolu and Sun, Guangyu and Zhou, Jun},
 booktitle = {Advances in Neural Information Processing Systems},
 title = {Generalization in generative adversarial networks: A novel perspective from privacy protection},
 year = {2019}
}

@inproceedings{wu.on,
 IDS = {wu2016quantitative},
 author = {Wu, Yuhuai and Burda, Yuri and Salakhutdinov, Ruslan and Grosse, Roger},
 booktitle = {International Conference on Learning Representations},
 title = {On the quantitative analysis of decoder-based generative models},
 year = {2017}
}

@article{xin.use,
 IDS = {fluidigmXin2016},
 author = {Xin, Yurong and Kim, Jinrang and Ni, Min and Wei, Yi and Okamoto, Haruka and Lee, Joseph and Adler, Christina and Cavino, Katie and Murphy, Andrew J and Yancopoulos, George D and others},
 journal = {Proceedings of the National Academy of Sciences},
 number = {12},
 pages = {3293--3298},
 title = {Use of the Fluidigm C1 platform for RNA sequencing of single mouse pancreatic islet cells},
 volume = {113},
 year = {2016}
}



@article{xu.probabilistic,
 IDS = {Xu2019},
 author = {Xu, Chenling and Lopez, Romain and Mehlman, Edouard and Regier, Jeffrey and Jordan, Michael I. and Yosef, Nir},
 journal = {Molecular Systems Biology},
 title = {Probabilistic harmonization and annotation of single-cell transcriptomics data with deep generative models},
 year = {2021}
}

@inproceedings{yao.yes,
 IDS = {yao2018yes,pmlr-v80-yao18a},
 author = {Yao, Yuling and Vehtari, Aki and Simpson, Daniel and Gelman, Andrew},
 booktitle = {International Conference on Machine Learning},
 title = {Yes, but did it work?: Evaluating variational inference},
 year = {2018}
}

@inproceedings{yarin.dropout,
 IDS = {pmlr-v48-gal16},
 author = {Yarin Gal and Zoubin Ghahramani},
 booktitle = {International Conference on Machine Learning},
 month = {20--22 Jun},
 pages = {1050--1059},
 title = {Dropout as a Bayesian approximation: Representing model uncertainty in deep learning},
 volume = {48},
 year = {2016}
}

@article{yau.bayesian,
 IDS = {Yau2019},
 author = {Yau, Christopher and Campbell, Kieran},
 doi = {10.1007/s12551-019-00499-1},
 issn = {1867-2450},
 journal = {Biophysical Reviews},
 title = {{Bayesian statistical learning for big data biology}},
 year = {2019}
}

@inproceedings{yoon.estimation,
 IDS = {yoon2018ganite},
 author = {Yoon, Jinsung and Jordon, James and van der Schaar, Mihaela},
 booktitle = {International Conference on Learning Representations},
 title = {{GANITE}: estimation of individualized treatment effects using generative adversarial nets},
 year = {2018}
}

@article{zajkowski.bounds,
 IDS = {zajkowski2018bounds},
 author = {Zajkowski, Krzysztof},
 journal = {arXiv},
 title = {Bounds on tail probabilities for quadratic forms in dependent sub-{G}aussian random variables},
 year = {2018}
}

@article{zeisel.cell,
 IDS = {Zeisel1138},
 author = {Zeisel, Amit and Mu{\~n}oz-Manchado, Ana B. and Codeluppi, Simone and others},
 journal = {Science},
 number = {6226},
 pages = {1138--1142},
 publisher = {American Association for the Advancement of Science},
 title = {Cell types in the mouse cortex and hippocampus revealed by single-cell {RNA}-seq},
 volume = {347},
 year = {2015}
}

@article{zeisel.molecular,
 IDS = {zeisel2018},
 author = {Zeisel, Amit
and Hochgerner, Hannah
and L{\"o}nnerberg, Peter
and Johnsson, Anna
and Memic, Fatima
and van der Zwan, Job
and H{\"a}ring, Martin
and Braun, Emelie
and Borm, Lars E.
and La Manno, Gioele
and Codeluppi, Simone
and Furlan, Alessandro
and Lee, Kawai
and Skene, Nathan
and Harris, Kenneth D.
and Hjerling-Leffler, Jens
and Arenas, Ernest
and Ernfors, Patrik
and Marklund, Ulrika
and Linnarsson, Sten},
 day = {09},
 journal = {Cell},
 title = {Molecular architecture of the mouse nervous system},
 year = {2018}
}

@article{zeng.neuronal,
 IDS = {Zeng2017},
 author = {Zeng, Hongkui and Sanes, Joshua R},
 journal = {Nature Reviews Neuroscience},
 pages = {530--546},
 title = {{Neuronal cell-type classification: challenges, opportunities and the path forward}},
 volume = {18},
 year = {2017}
}

@article{zhang.simulating,
 IDS = {Zhang2019a,zhang2019simulating},
 author = {Zhang, Xiuwei and Xu, Chenling and Yosef, Nir},
 journal = {Nature Communications},
 title = {Simulating multiple faceted variability in single cell {RNA} sequencing},
 year = {2019}
}

@article{zhang.sym,
 IDS = {symsim},
 author = {Zhang, Xiuwei and Xu, Chenling and Yosef, Nir},
 journal = {Nature Communications},
 title = {{SymSim: simulating multi-faceted variability in single cell RNA sequencing}},
 year = {2019}
}

@inproceedings{zhao.bias,
 IDS = {Zhao2018},
 author = {Zhao, Shengjia and Ren, Hongyu and Yuan, Arianna and Song, Jiaming and Goodman, Noah and Ermon, Stefano},
 booktitle = {Advances in Neural Information Processing Systems},
 title = {Bias and Generalization in Deep Generative Models: An Empirical Study},
 year = {2018}
}

@inproceedings{zhao.info,
 IDS = {Zhao2018a},
 author = {Zhao, Shengjia and Song, Jiaming and Ermon, Stefano},
 booktitle = {ICML workshop: Theoretical Foundations and Applications of Deep Generative Models},
 title = {{InfoVAE: Balancing learning and inference in variational autoencoders}},
 year = {2018}
}

@article{zheng.massively,
 IDS = {zheng2017massively,Zheng2017},
 author = {Zheng, Grace X.Y. and Terry, Jessica M and Belgrader, Phillip and Ryvkin, Paul and Bent, Zachary W and Wilson, Ryan and Ziraldo, Solongo B and Wheeler, Tobias D and McDermott, Geoff P. and Zhu, Junjie and Gregory, Mark T and Shuga, Joe and Montesclaros, Luz and Underwood, Jason G and Masquelier, Donald A and Nishimura, Stefanie Y and Schnall-Levin, Michael and Wyatt, Paul W and Hindson, Christopher M. and Bharadwaj, Rajiv and Wong, Alexander and Ness, Kevin D and Beppu, Lan W and Deeg, H Joachim and McFarland, Christopher and Loeb, Keith R and Valente, William J and Ericson, Nolan G and Stevens, Emily A and Radich, Jerald P and Mikkelsen, Tarjei S and Hindson, Benjamin J and Bielas, Jason H},
 journal = {Nature Communications},
 title = {{Massively parallel digital transcriptional profiling of single cells}},
 year = {2017}
}

@inproceedings{zhu.unpaired,
 IDS = {zhu2017unpaired},
 author = {Zhu, Jun-Yan and Park, Taesung and Isola, Phillip and Efros, Alexei A},
 booktitle = {IEEE International Conference on Computer Vision},
 title = {{Unpaired image-to-image translation using cycle-consistent adversarial networks}},
 year = {2017}
}

@inproceedings{zhuxi.variational,
 IDS = {ijcai2017-0273},
 author = {Zhuxi Jiang and Yin Zheng and Huachun Tan and Bangsheng Tang and Hanning Zhou},
 booktitle = {International Joint Conference on
Artificial Intelligence},
 title = {Variational deep embedding: An unsupervised and generative approach to clustering},
 year = {2017}
}

@article{ziegenhain.comparative,
 IDS = {Ziegenhain2017},
 author = {Ziegenhain, Christoph
and Vieth, Beate
and Parekh, Swati
and Reinius, Bj{\"o}rn
and Guillaumet-Adkins, Amy
and Smets, Martha
and Leonhardt, Heinrich
and Heyn, Holger
and Hellmann, Ines
and Enard, Wolfgang},
 day = {16},
 issn = {1097-2765},
 journal = {Molecular Cell},
 pages = {631-643.e4},
 title = {Comparative analysis of single-cell RNA sequencing methods},
 volume = {65},
 year = {2017}
}

@article{zoltan.characteristic,
 IDS = {Szabo2017},
 author = {Zolt{{\'a}}n Szab{{\'o}} and Bharath K. Sriperumbudur},
 journal = {Journal of Machine Learning Research},
 number = {233},
 pages = {1-29},
 title = {Characteristic and universal tensor product kernels},
 volume = {18},
 year = {2018}
}

@inproceedings{zoph.neural,
 IDS = {Zoph},
 author = {Zoph, Barret and Le, Quoc},
 booktitle = {International Conference on Learning Representations},
 title = {Neural architecture search with reinforcement learning},
 year = {2017}
}

@article{zou.primer,
 IDS = {Zou2019},
 author = {Zou, James and Huss, Mikael and Abid, Abubakar and Mohammadi, Pejman and Torkamani, Ali and Telenti, Amalio},
 journal = {Nature Genetics},
 title = {{A primer on deep learning in genomics}},
 year = {2019}
}
